2906 4658
619 375 760 440 μς)-

208 543 314 611 neque
331 517 492 590 medicum
509 521 616 590 decet.
642 527 705 592 Aut
721 525 746 590 si
764 522 925 591 medicum
945 522 1059 605 decet,
1079 525 1176 594 modo

208 635 284 702 inde
308 641 398 723 petat
422 625 502 724 quid
526 636 641 716 homo,
663 637 834 725 qualisque
857 646 978 703 caetera
994 637 1080 704 inter
1103 639 1179 705 ani-

208 748 347 828 mentia3
367 745 447 836 quid
475 748 614 827 animno,
639 748 809 836 qualisque
833 748 918 815 intra
941 769 1078 836 corpus;
1099 750 1179 838 quid

211 857 359 938 morbus,
378 855 481 936 unde,
507 865 539 924 et
558 879 621 946 qua
646 859 717 937 via,
738 868 876 925 mortem
892 860 1062 940 mirdane,
1085 882 1181 948 grus-

194 976 302 1036 ·setur
321 967 374 1058 (t).

214 1107 219 1126 =
257 1083 324 1148 lmo
341 1080 456 1160 etiam,
478 1101 519 1147 ne
535 1080 632 1146 homo
657 1072 810 1168 quidem,
836 1103 909 1150 curn
925 1082 1091 1151 sanandus
1105 1106 1180 1152 rne—
1229 1135 1231 1142 .

217 1190 290 1259 dico
333 1192 554 1271 obversetur,
592 1189 666 1257 ideo
707 1191 865 1258 curiosius
909 1193 1184 1282 introspiciendus

215 1315 286 1373 est:
720 1379 722 1381 ,

212 1426 215 1432 ’
266 1444 282 1483 «
305 1416 420 1488 Medici
439 1417 571 1507 quidum
586 1427 619 1483 et
644 1416 803 1504 sophistae
829 1416 899 1485 fieri
922 1441 987 1485 non
1008 1441 1106 1506 posse
1130 1419 1187 1487 di-

225 1553 241 1592 «
261 1537 363 1612 cunt,
378 1538 415 1596 ut
425 1530 498 1618 quis
514 1537 617 1596 artem
634 1522 792 1595 medicam
808 1538 1001 1616 cognoscat,
1020 1530 1082 1597 nisi
1098 1529 1184 1598 idem

220 1642 393 1708 «noverit
418 1635 498 1730 quid
523 1642 564 1708 sit
589 1642 707 1719 homo,
745 1649 777 1707 et
803 1644 953 1729 quaenarn
973 1643 1058 1731 ejus
1083 1644 1188 1730 prima

227 1779 242 1817 «
265 1755 431 1842 generatio
449 1763 482 1822 et
500 1752 703 1840 compositio
728 1751 905 1840 Equidem,
933 1773 1007 1840 quae
1025 1753 1065 1819 ab
1082 1753 1132 1820 his
1147 1752 1190 1821 de

227 1871 386 1936 «Natura
411 1867 463 1933 vel
485 1864 588 1946 dictu,
621 1863 674 1930 vel
698 1864 820 1951 scripta
844 1872 944 1945 sunt,
970 1887 1036 1931 non
1060 1874 1126 1932 tam
1148 1865 1190 1932 ad

229 2007 244 2045 «
267 1989 371 2047 artem
405 1975 584 2057 medicam,
613 1997 711 2065 quam
747 1970 789 2044 ad
817 1976 987 2064 pictoriam
1019 1985 1187 2064 spectare,

227 2083 426 2162 «existimo.
451 2069 492 2157 u
508 2089 709 2156 manifestam
737 2097 864 2158 naturae
884 2091 1103 2178 cognitionem
1125 2112 1190 2157 non

230 2233 245 2272 «
270 2203 400 2274 aliunde
415 2223 513 2292 quam
529 2223 569 2269 ex
587 2210 656 2269 arte
672 2184 797 2269 medica
812 2203 924 2300 habqri
934 2224 1075 2282 censeo,
1094 2225 1190 2292 quam

231 2347 246 2385 «
272 2321 298 2387 is
319 2318 410 2386 facile
425 2315 604 2405 percipiet,
624 2315 680 2404 qui
702 2315 888 2382 universam
909 2324 1012 2394 artem
1036 2314 1194 2383 medicam

233 2460 248 2500 «
271 2433 374 2523 probe
392 2431 579 2517 complexus
594 2429 703 2495 fuerit.
723 2430 794 2508 Quo
810 2426 942 2515 quidem
956 2429 1104 2517 plerique
1119 2449 1196 2518 perp

234 2576 250 2615 «
273 2549 403 2616 venisse
430 2544 509 2612 mihi
539 2540 716 2623 videntur,
746 2549 779 2608 et
805 2541 941 2608 istorum
967 2541 1113 2608 notitiam
1139 2543 1199 2609 ha-

235 2691 251 2728 «
274 2662 398 2739 buisse,
411 2666 448 2725 ut
463 2655 544 2745 quid
561 2654 732 2732 sithonio,
751 2674 901 2741 quaenam
918 2653 989 2741 ejus
1007 2660 1100 2720 ortus
1115 2673 1198 2719 caue

236 2801 252 2840 «
275 2795 340 2852 sae,
354 2770 543 2858 reliquaque
552 2773 642 2832 certe
657 2772 902 2853 cognoscerent.
926 2761 1198 2852 Quandoquidem

228 2887 254 2952 ἰ
278 2893 405 2954 naturae
423 2878 563 2968 cognitio
579 2877 657 2943 mihi
679 2874 804 2948 medico
822 2896 893 2942 esse
908 2875 1090 2942 necessaria
1105 2873 1199 2942 vide-¹

136 3061 142 3073 ,
238 3025 254 3063 «
277 3007 350 3074 tur,
368 2996 461 3081 isque
482 2990 572 3061 omni
589 2988 698 3056 studio
712 2987 913 3056 contendere
929 2985 1028 3054 debet
1042 2987 1085 3078 (si
1102 2985 1199 3053 modo

240 3136 256 3176 «
279 3106 359 3199 quid
382 3113 471 3173 recte
492 3109 660 3191 praestare
675 3103 795 3192 volet),
821 3109 857 3168 ut
880 3100 1035 3188 intelligat
1059 3119 1201 3188 quonam

240 3250 254 3289 ι
279 3220 375 3290 modo
392 3217 467 3307 quis
483 3214 524 3283 ad
546 3235 584 3282 ea
607 3236 681 3304 quae
704 3213 922 3282 comeduntur
940 3221 973 3280 et
990 3213 1146 3280 bibuntur
1166 3233 1201 3278 se

243 3347 258 3402 ¹«
282 3337 426 3412 habeat,
462 3338 494 3397 et
533 3326 689 3417 quidnam
722 3327 839 3415 cuique
877 3347 916 3392 ex
948 3325 1082 3412 singulis
1123 3345 1203 3392 eve-

245 3478 261 3518 «
284 3450 350 3517 niat
366 3445 419 3538 (2).
438 3468 454 3508 n

274 3683 310 3746 (ι)
329 3681 366 3729 De
385 3678 518 3737 Carnibus,
537 3683 593 3728 sect.
612 3689 656 3732 ιιι,
674 3687 698 3736 p.
717 3673 772 3724 248.

275 3773 310 3837 (2)
328 3772 365 3820 Dc
381 3771 463 3833 prisc«
479 3769 611 3825 medicina,
631 3771 724 3821 sectr,
744 3775 767 3824 p.
791 3763 829 3809 to.
