2906 4658
673 371 849 447 Α)...

276 537 531 624 reeepuenlurn.
560 539 639 606 Cum
668 527 894 604 enimomnes
919 552 1013 602 vente
1037 551 1128 600 eavea
1152 531 1241 611 sint,

275 669 388 718 omues
411 667 486 718 eum
525 649 672 737 recipere
699 639 861 736 possunt3
893 667 1056 734 eumque,
1083 653 1244 734 perpetuo

275 771 373 830 mutae
390 771 424 830 et
446 762 596 850 agitatu,
614 762 789 850 plurimum
815 761 931 827 caloris
947 759 1109 838 babeant,
1132 776 1245 824 omnes

274 895 349 942 eum
373 895 438 941 non
458 874 530 941 sine
555 874 588 938 vi
603 869 757 961 ‘quadam
784 874 953 940 attrabunt
983 870 1037 962 (t).
1059 873 1141 940 'Haee
1166 877 1244 937 sunt

275 987 420 1074 eorporis
436 987 612 1074 spiracula,
626 1007 765 1074 quorum
779 1005 842 1074 epe
858 1004 915 1053 aer
931 1005 991 1072 per
1006 991 1108 1080 tutam
1125 981 1242 1058 melem

274 1101 413 1188 primum
432 1097 626 1179 deducitur,
645 1097 766 1167 deinde
784 1121 863 1167 vero
879 1098 1050 1166 emittitur.
1071 1099 1139 1164 Nun
1157 1095 1242 1163 enim

275 1209 345 1278 fieri
364 1218 474 1299 potest
491 1219 527 1276 ut
543 1209 678 1296 spiritus
694 1218 750 1276 aut
766 1207 819 1274 bie
840 1217 896 1275 aut
913 1207 976 1275 illic
992 1206 1145 1273 immotus
1160 1224 1244 1270 eon-

275 1325 384 1402 sistat‚
403 1320 462 1390 sed
483 1340 612 1411 sursum
636 1341 673 1387 ne
700 1318 853 1387 deorsum
879 1315 1103 1386 indesinenter
1122 1317 1245 1383 feratur

275 1421 409 1504 necesse
419 1440 480 1500 est.
495 1433 556 1514 Qui
566 1431 593 1498 si
603 1432 644 1498 ab
661 1431 767 1520 aliqua
777 1439 872 1518 parte
889 1431 1090 1517 interceptus
1101 1405 1240 1507 abesset,

275 1546 384 1613 statim
406 1565 444 1612 ea
466 1565 543 1632 pars
568 1552 601 1610 et
625 1551 752 1623 motus,
772 1550 806 1608 et
824 1562 960 1621 sensus,
981 1551 1014 1608 et
1035 1540 1113 1606 vitae
1132 1560 1247 1606 exsors

277 1657 447 1744 langueret
465 1653 518 1745 (2).

320 1773 398 1836 Haec
424 1767 512 1855 apud
541 1767 640 1834 libres
662 1770 709 1838 De
730 1772 878 1854 fletibus,
904 1776 937 1834 et
963 1769 1191 1840 decernibus,
1209 1773 1243 1832 et

276 1885 464 1950 denatura
482 1887 587 1970 pueri.
606 1884 676 1948 Non
696 1889 825 1960 autem,
843 1889 880 1947 ut
901 1881 1022 1958 iatear,
1052 1878 1242 1966 sibimetipsi

275 1998 491 2084 Hippocrates
513 2013 644 2080 semper
667 2001 700 2060 et
729 1992 851 2081 ubique
873 1992 1047 2060 censentit.
1073 1993 1141 2058 lmo
1164 2011 1243 2058 vero

274 2107 375 2194 priori
400 2104 593 2172 adversatus
620 2103 786 2190 opinioni,
816 2104 950 2171 alteram
973 2101 1164 2192 quamdam,
1192 2103 1244 2168 vei

276 2213 552 2296 centrarium,seu
570 2214 612 2282 de
628 2215 762 2302 spiritus
779 2216 918 2304 origine,
930 2214 1040 2284 sende
1052 2215 1239 2294 inssuxiene,

277 2329 472 2419 quibusdem
489 2327 558 2393 aliis
575 2327 653 2393 lucis
669 2325 852 2395 adumbrat.
871 2328 1011 2396 Primum
1031 2325 1074 2395 de
1092 2327 1216 2416 origine
1234 2346 1241 2393 :

326 2468 342 2506 u
365 2445 457 2512 Mens
477 2440 634 2519 hnmana,
660 2441 783 2528 inquit,
813 2442 845 2507 in
864 2440 996 2508 sinistre
1023 2440 1208 2509 ventriculo·
1227 2462 1245 2508 a

284 2581 299 2620 a
324 2563 441 2622 natura
466 2553 562 2620 insita
582 2561 632 2618 est
650 2551 711 2641 (3),
738 2562 771 2620 et
797 2554 932 2642 reliquae
951 2554 1067 2622 animae
1093 2533 1242 2642 imperat.

284 2696 300 2734 u
323 2671 436 2756 Neque
451 2685 530 2732 vere
549 2665 692 2737 nutritur
707 2649 787 2732 eibis
806 2667 1010 2754 nepotibus,
1028 2667 1083 2753 qui
1104 2687 1144 2734 ex
1162 2667 1247 2733 inie-

285 2779 410 2848 «riore
435 2785 551 2847 ventre
581 2775 769 2865 prodeunt,
797 2799 909 2845 verum
937 2799 976 2846 ex
999 2778 1084 2844 niara
1105 2787 1139 2845 et
1164 2800 1247 2866 pura

287 2921 303 2960 «-
328 2891 573 2962 abundantiam
582 2891 938 2978 sanguinissecretiune
955 2898 1038 2957 urta.
1052 2889 1246 2957 Alimentum
1280 2876 1282 2880 ’

288 3033 304 3072 u
329 3014 437 3082 autem
463 3003 492 3069 ei
515 2999 646 3070 abunde
671 3002 817 3089 suppetit
846 3022 885 3068 ex
910 3003 1057 3090 proximu
1081 2992 1247 3088 sanguinis

287 3115 561 3202 «conceptaculo
577 3111 618 3204 (b)
624 3163 705 3180 ......
732 3137 747 3175 ι

292 3262 298 3270 -
326 3229 407 3296 Dein
425 3225 468 3292 de
485 3224 660 3290 influxione
678 3244 684 3288 :

333 3365 348 3405 a
373 3341 480 3419 Quum
496 3335 585 3423 quie,
612 3329 735 3422 inquit,
759 3333 801 3401 ad
822 3357 857 3403 se
883 3335 1032 3424 spiritum
1058 3328 1245 3416 attraxerit,

288 3452 432 3541 «primo
450 3449 483 3515 in
507 3447 677 3516 cerebrum
710 3446 872 3529 defertur,
899 3449 1009 3538 itaque
1032 3450 1064 3516 in
1090 3449 1249 3538 reliquum

318 3701 353 3766 (t)
373 3701 409 3748 De
420 3697 550 3756 carnibus,
562 3703 619 3746 sect.
634 3712 677 3754 ιιι,
687 3709 721 3759 p.
736 3699 791 3747 25⁰.

318 3795 352 3852 (ι)
372 3792 408 3839 De
418 3788 604 3845 montesacro,
622 3792 678 3834 seca.
693 3799 737 3843 ιιι,
756 3799 779 3848 p.
796 3788 853 3835 edd.

318 3879 355 3941 (3)
373 3878 418 3926 aui
431 3875 517 3924 Ennia
531 3874 560 3922 de
572 3872 734 3931 Celetrum,
749 3878 783 3923 ι’.
798 3875 928 3932 murense,
945 3875 1048 3936 syatbme
1059 3875 1174 3934 thnuta.

319 3967 355 4028 (t)
377 3968 411 4012 ve
427 3963 512 4013 morto
528 3977 616 4022 narro,
631 3971 687 4014 sect.
702 3977 744 4021 ιιι,
765 3975 788 4025 p.
803 3965 858 4012 309.
