2906 4658
662 379 839 448 ...30-

265 539 428 621 incolunt,
447 531 570 630 'quum'
588 537 686 606 nimio
714 547 851 607 urentur
873 538 979 605 calore
992 553 1011 617 ,⁴
1029 531 1172 604 imbelles
1195 546 1229 604 et

265 654 371 742 ignavi
378 654 503 741 jacent,
524 649 566 720 ad
581 653 781 739 voluptatem
793 650 1041 738 propensiores;
1054 650 1111 738 qui
1126 651 1225 728 hanc,

265 784 364 853 quum
390 765 438 832 sol
462 763 633 852 benignius
663 763 810 840 illuceat,
828 763 930 832 fortes
948 770 981 829 et
996 762 1145 849 generosi
1167 746 1230 827 eri*

265 886 407 964 guntur,
428 873 469 942 ad
488 875 652 953 laborem,
671 873 712 941 ad
735 865 920 954 ertem,‘ad
944 872 1112 940 scientiam
1134 893 1231 960 para-

267 989 367 1056 tiores
383 985 436 1078 Md·

310 1102 417 1180 Quum
437 1108 545 1169 autem
572 1099 599 1195 is
623 1100 665 1167 sit
686 1098 832 1186 corporis
853 1107 886 1166 et
912 1099 1008 1166 animi
1031 1107 1225 1177 concentus,

266 1230 305 1276 ea
320 1209 531 1291 consociatio,
544 1211 647 1301 qualis
657 1213 698 1279 sit
709 1212 807 1292 alter,
825 1213 961 1278 alterum
972 1209 1227 1288 considemndo;

226 1405 228 1410 ,
266 1321 359 1386 facile
381 1319 561 1408 dijudicare
584 1343 696 1409 queas.
722 1324 788 1403 Ita,
823 1331 859 1390 ut
887 1322 1007 1410 aliquid
1037 1322 1173 1408 exempli
1197 1322 1229 1386 in

265 1429 374 1498 medic
411 1453 601 1520 apponam,
634 1434 831 1523 quicumque
865 1435 952 1502 fulvo
990 1442 1067 1501 sunt
1096 1433 1228 1511 colore,

267 1543 403 1616 aduncis
419 1545 570 1624 naribus,
596 1545 706 1632 parvis
722 1545 842 1625 oculis,
862 1546 882 1612 ii
906 1546 1047 1633 maligni.
1070 1547 1132 1626 Qui
1150 1563 1229 1612 vero

269 1677 385 1744 magno
420 1678 584 1744 corpore,
617 1657 699 1724 raris
731 1656 853 1744 capillis
873 1655 1071 1736 ,hesitanti
1101 1655 1225 1742 lingua,

268 1769 345 1836 boni
363 1767 416 1858 (2)
483 1815 486 1824 =

310 1994 362 2062 Vl.
387 1994 457 2060 Non
475 1993 518 2060 ite
535 2001 643 2060 tamen
661 1993 787 2060 animus
801 1991 929 2080 corpori
946 1991 1098 2072 inservit,
1119 2001 1156 2059 ut
1169 2013 1229 2080 per

266 2124 303 2174 ee
316 2103 502 2192 nihilagere
516 2112 626 2192 queat.
643 2106 762 2171 Contra
774 2089 864 2182 vero,
877 2105 1066 2192 quiescente
1076 2121 1224 2192 corpore,

268 2215 389 2303 majora
406 2213 552 2303 perlicit,
573 2225 606 2282 et
621 2215 654 2282 ni
672 2215 786 2302 majori
806 2234 813 2281 :
965 2225 967 2232 ’

318 2350 334 2390 «
358 2325 491 2392 Animus
510 2326 595 2392 enirn
623 2325 759 2412 vigilat,
790 2335 823 2393 et
848 2347 922 2394 cum
948 2326 1080 2414 quidem
1103 2329 1231 2415 corpori

273 2461 289 2501 n
312 2436 550 2516 subministrat,
563 2437 595 2502 in
610 2437 727 2504 multas
745 2446 855 2524 partes
870 2436 1014 2518 divisus,
1034 2438 1084 2506 sui
1104 2447 1230 2506 tantum

200 2629 202 2636 Α
274 2573 293 2611 ‹r-
313 2548 471 2616 rationem
488 2548 684 2629 nonhabet,
703 2547 762 2617 sed
776 2549 910 2636 singulis
926 2550 1072 2636 corporis
1085 2551 1231 2636 pertibus

274 2685 290 2724 «
313 2667 440 2747 partem
450 2657 822 2748 quamdamdistribuit,
840 2660 989 2728 sensibus
1004 2662 1171 2738 nimirum,
1190 2661 1231 2729 ad

274 2797 290 2836 κ
314 2769 523 2849 audiendum,
542 2768 731 2850 videndum,
750 2768 961 2858 tangendum,
982 2770 1226 2850 ambulandum,
1279 2768 1282 2774 ’

276 2905 296 2946 n
316 2878 495 2968 agendum,
514 2879 656 2969 denique
677 2878 719 2946 ad
742 2901 838 2946 omne
860 2881 1006 2968 corporis
1020 2881 1229 2968 obsequium,

277 3017 294 3058 u
318 2992 466 3082 adeoque
481 2993 551 3079 ipsa
566 3013 658 3058 mens
673 2992 723 3059 sui
739 2992 844 3060 solum
863 2992 1022 3060 rationem
1037 3013 1103 3058 non
1119 2992 1230 3060 habet.

277 3130 293 3169 n
316 3106 396 3172 Cum
413 3125 493 3170 vero
509 3123 629 3190 corpus
644 3101 802 3188 quiescit,
822 3104 947 3170 animus
964 3110 1132 3181 movetur,
1151 3111 1184 3170 et
1201 3104 1233 3170 in

277 3239 293 3280 l<
317 3215 463 3302 corporis
491 3222 602 3300 partes
622 3213 831 3300 subrepens,
861 3212 992 3280 domum
1016 3234 1108 3281 suam
1130 3213 1232 3301 regit,

277 3351 294 3392 u
317 3325 648 3414 omnesquecorporis
656 3325 799 3413 actiones
808 3325 1002 3412 obit.Neque
1010 3326 1233 3414 enimoorpus;

279 3463 296 3504 a
318 3437 397 3506 dum
413 3438 553 3516 dormit,
568 3438 685 3518 sentit,
703 3437 771 3524 ipse
792 3457 871 3504 vero
890 3437 1026 3524 vigilans
1046 3417 1232 3527 c0⁸gnoscit;

278 3577 295 3616 ι(
318 3571 393 3640 quae
407 3551 468 3620 sub
482 3550 640 3617 visionem
663 3557 696 3615 et
716 3545 915 3616 auditionem
935 3548 1077 3630 cadunt,
1096 3548 1187 3618 videt
1203 3559 1236 3618 et

309 3853 351 3926 (tl
363 3855 400 3902 De
415 3867 489 3912 aare,
500 3853 558 3902 locta
572 3861 596 3900 et
611 3851 694 3916 aquis,
710 3859 767 3902 sect.
790 3866 836 3911 nr,
852 3867 877 3915 p.
897 3854 945 3902 288
957 3857 982 3902 et
997 3857 1108 3938 sequent.

308 3943 344 4011 (2)
363 3944 399 3992 De
410 3942 494 3992 morto
510 3943 593 4006 nutu,
614 3942 629 3992 l.
643 3941 690 3999 ll,
707 3949 764 3993 secl.
786 3955 834 4002 vu,
854 3955 878 4004 p.
897 3942 962 3994 tutu
978 3947 1003 3990 el
1019 3941 1090 3995 1050.
