2906 4658
605 337 707 422 ..ὲ-ιι
738 391 781 428 ‚—

211 545 226 584 ι
250 517 362 598 audit,
381 517 472 585 vadit
485 569 493 596 ‚
508 518 779 607 cangio-tristitia
796 519 961 599 afficimr,
988 515 1098 590 secum
1117 533 1176 590 ’σοι
1224 564 1228 568 -

212 657 236 710 «Ν
251 632 344 718 gitat,
363 650 401 697 ac
417 639 634 718 quaecumque
645 629 792 716 corporis
807 638 841 696 et
857 630 953 698 animi
971 634 1173 715 officiasunt',

212 767 228 806 (ι
252 732 490 827 ¹oa-omniaper
505 760 654 806 somnum
671 740 797 808 animus
813 739 1010 831 peragitti).
1039 767 1054 806 ι
1126 789 1129 794 -
1151 773 1153 780 >

253 965 318 1033 Vll.
344 963 479 1030 Animus
506 961 604 1049 igitur
636 982 756 1049 corpus
784 962 868 1049 regit
894 971 927 1030 et
957 962 1174 1044 moderatur,

210 1095 302 1141 mens
318 1081 427 1143 autem
446 1073 552 1161 ipsum
572 1071 714 1141 animum
729 1071 783 1162 (2).
810 1075 912 1154 Qua,
932 1095 1034 1162 quum
1049 1077 1178 1144 caeteris

212 1185 307 1252 animi
317 1184 465 1273 partibus
480 1183 690 1252 excellentior
698 1193 847 1271 praestet,
859 1195 969 1254 tamen
979 1207 1040 1254 nec
1050 1197 1176 1269 natura,

212 1317 273 1366 nec
287 1296 419 1384 ‚origine
438 1294 614 1384 discrepat.
635 1296 763 1383 Quippe
781 1297 866 1364 enim
890 1317 962 1365 eam
980 1308 1035 1367 aut
1057 1321 1096 1368 ex
1110 1300 1181 1366 cir·
1211 1361 1213 1364 .

213 1411 360 1477 cumiuso
376 1429 469 1488 aere,
486 1417 545 1475 aut.
558 1429 598 1475 ex
613 1407 721 1476 infuso
737 1408 911 1495 sanguine,
934 1409 1004 1477 sive
1018 1410 1105 1497 apud
1121 1433 1181 1478 ce-

213 1522 345 1589 rubrum
355 1521 460 1600 ,sive
486 1521 574 1609 apud
594 1542 668 1600 cor,
694 1529 880 1608 excerptam
905 1543 1004 1610 supra
1025 1523 1178 1594 vidimus.

215 1619 319 1714 Quam
342 1640 398 1700 aut
420 1632 571 1720 spiritum
596 1633 721 1719 ipsum,
745 1640 800 1699 aut
814 1624 904 1727 velut
919 1633 1054 1720 spiritus
1069 1636 1181 1703 florem

216 1741 389 1832 quemdam
407 1745 522 1812 merito
535 1743 655 1811 dixeris
672 1742 726 1834 (3).

260 1857 445 1934 Gaeterum,
466 1853 697 1942 undecumque
714 1875 807 1921 mens
825 1853 964 1921 oriunda
986 1854 1048 1935 sit,
1069 1875 1183 1944 magna

218 1945 270 2032 est
284 1985 356 2032 eam
372 1965 457 2030 inter
473 1973 507 2032 et
521 1965 711 2058 sanguinem
729 1962 905 2046 concordia
923 1983 951 2028 ι.

266 2099 294 2146 κ,
305 2075 464 2162 Imprimis
481 2083 605 2154 autem,
624 2074 730 2162 inquit
747 2075 980 2161 Hippocrates,
1000 2074 1183 2142 inanimum

211 2209 236 2248 ι(
261 2184 398 2264 induco,
417 2206 456 2252 ex
473 2185 528 2264 iis,
549 2185 669 2271 quaein
686 2205 823 2271 corpore
841 2185 969 2263 insunt,
989 2183 1185 2272 nihilmagis

221 2324 237 2363 ι
262 2297 304 2364 ad
329 2289 572 2386 intelligentiam
602 2298 767 2374 conferre,
797 2317 893 2383 quam
922 2295 1123 2383 sanguinem.
1157 2297 1187 2362 ls

222 2435 238 2474 ιι
263 2429 402 2496 namque
421 2408 476 2475 ubi
486 2409 687 2476 consistente
705 2407 817 2475 habitu
827 2408 993 2495 persistit,
1012 2406 1189 2494 prudentia

222 2547 238 2586 ι
263 2522 360 2598 etiam
385 2529 526 2588 constat.
543 2579 545 2584 .
562 2525 748 2594 Permutato
779 2541 858 2586 vero
884 2520 1063 2607 sanguine,
1096 2503 1192 2586 simul

224 2658 242 2709 ιι
258 2654 401 2721 ,quoque
413 2633 624 2720 intelligentia
641 2631 795 2698 concidit.
815 2631 978 2718 Cujus-rei
994 2631 1095 2698 multa
1112 2638 1189 2697 sunt

224 2769 241 2808 ιι
265 2744 451 2812 testimonia
469 2743 523 2833 (i).
551 2768 566 2807 ι)
624 2793 626 2800 ,

259 2853 423 2932 ¹Plurimus
438 2865 549 2943 partos
564 2876 657 2921 meus
674 2854 783 2921 habet.
797 2854 848 2920 Sic
855 2837 1190 2941 enim-Hippocrates:

276 2992 291 3030 ι
315 2971 376 3033 Per
395 2976 522 3053 septem
548 2965 667 3054 figuras
689 2971 822 3032 secretio
857 2965 979 3032 homini
1004 2965 1189 3054 contingit:

225 3077 432 3147 «auditione
453 3080 524 3146 soni
548 3079 849 3166 percipiuntur;-
868 3077 999 3144 -visione
1019 3079 1192 3146 manifesta

226 3215 242 3254 ι
267 3199 467 3272 cernuntur;
489 3229 532 3242 -
550 3213 648 3260 nasus
673 3190 813 3271 odores,
837 3229 881 3240 -
904 3191 1012 3278 lingua
1031 3191 1144 3259 suavia
1159 3199 1193 3260 et

228 3328 246 3368 ιι
267 3304 414 3373 insuavia
438 3303 594 3373 discernit
609 3324 624 3386 ;›
640 3341 684 3357 ·-
706 3325 743 3370 os
769 3323 952 3371 sermonem
984 3303 1123 3384 formate
1148 3335 1192 3352 -··

230 3435 245 3474 «
268 3433 404 3500 corpore
424 3413 519 3481 calidi
537 3423 570 3481 et
594 3412 700 3500 frigidi
718 3422 824 3480 tactus
839 3411 1037 3500 percipitur3
1061 3449 1104 3462 -
1118 3411 1195 3499 spi-

259 3664 294 3728 (1)
313 3665 350 3712 De
366 3664 510 3720 insomniis,
528 3670 585 3712 sect.
607 3677 644 3721 ιι,
665 3676 688 3724 p.
711 3665 776 3720 375,
798 3665 855 3713 376.

260 3751 296 3816 (2)
315 3754 352 3800 De
365 3753 452 3802 morio
467 3767 559 3810 sacro,
580 3759 638 3801 sect.
659 3765 704 3808 m,
727 3765 751 3814 p.
772 3753 831 3803 309.

261 3841 295 3903 (3)
315 3840 365 3889 Adt
378 3847 433 3907 quss
447 3854 519 3903 supra
540 3845 707 3902 exponuntur.

262 3929 297 3990 (i)
317 3929 353 3977 De
364 3929 464 3991 flatibus
475 3965 483 3986 ,
495 3935 553 3991 sect.
573 3943 619 3986 ru,
635 3941 658 3989 p.
679 3928 736 3976 200.
