2906 4658
615 317 777 425 l-n-

227 540 242 579 «
266 512 480 602 scripturum,
498 536 619 603 eosque
637 516 677 581 ab
694 516 780 582 omni
797 536 880 581 noxa
897 523 929 580 et
945 512 1062 602 injuria
1080 509 1189 581 vindi-

227 657 243 696 «
267 638 426 698 caturum.
1041 700 1043 704 .

194 767 197 772 ·
273 745 423 831 «Neque
451 743 643 831 cujusquam
679 741 831 829 precibus
869 739 1056 819 adductus,
1093 738 1187 806 alicui

229 880 245 918 ε(
268 853 541 923 medicamentum
557 853 675 920 lethale
689 853 890 941 propinabo,
910 873 1017 940 neque
1032 852 1129 940 hujus
1143 850 1190 917 rei

229 992 244 1030 o
268 976 381 1034 auctor
401 988 469 1034 ero.

273 1105 289 1144 κ
312 1082 424 1167 Neque
441 1079 535 1146 simili
551 1079 676 1147 ratione
694 1079 827 1148 mulieri
833 1099 965 1165 pessum
985 1077 1190 1157 subdititium

231 1213 246 1253 «
271 1188 443 1257 ad'loetum
458 1187 735 1276 corrumpendum
749 1188 925 1270 exbibeb03
944 1187 1002 1256 sed
1017 1197 1139 1256 castam
1157 1183 1192 1255 et

231 1325 247 1364 u
270 1301 311 1368 ab
327 1301 414 1368 omni
441 1300 564 1368 scelere
588 1303 721 1388 puram',
748 1307 815 1367 tum
832 1300 966 1381 uitam,
993 1310 1061 1368 tum
1088 1308 1211 1367 artem¹

232 1428 253 1476 «³
272 1435 375 1481 meam
389 1420 551 1501 perpetuo
567 1413 759 1501 praestabo.'
787 1417 824 1444 ’·
892 1470 894 1474 .
987 1413 990 1420 ’
1031 1411 1035 1425 ”

277 1552 292 1593 a
315 1530 428 1615 Neque
444 1547 522 1593 vero
541 1526 663 1595 calculo
687 1527 871 1593 laborantes
890 1527 1027 1608 secabo,
1045 1525 1104 1595 sed
1120 1547 1194 1593 ma-

234 1663 250 1702 «
273 1639 380 1726 gistris
394 1639 468 1726 ejus
488 1637 565 1705 artis
579 1637 612 1705 id
631 1639 775 1705 muneris
793 1637 982 1708 concedam.
1038 1635 1041 1640 ’
1090 1633 1091 1638 ’
1138 1656 1144 1664 “
1190 1655 1194 1660 “

259 1764 293 1816 ¹«
316 1754 355 1818 In·
368 1773 606 1841 quamcumque
622 1759 730 1820 autem
745 1753 877 1822 domum
899 1754 1064 1842 ingressus
1081 1752 1191 1828 fuero,

174 1934 176 1938 ¹
233 1889 248 1928 u
272 1863 312 1931 ad
331 1863 557 1952 aegrotantium
573 1863 904 1953 salutem'ingrediar‘,
923 1885 1052 1932 omnem
1067 1857 1195 1950 injuriae

234 2002 250 2042 a
273 1975 466 2055 inferendae,
483 1983 516 2042 et
533 1978 729 2064 corruptelae
738 1977 956 2065 suspicionem
970 1976 1108 2064 fugiens,
1127 1975 1195 2040 tum
1266 1980 1268 1983 ’

234 2117 251 2156 «
273 2092 325 2158 vel
349 2090 487 2158 maxime
505 2111 614 2156 rerum
634 2111 850 2159 venerearum
868 2089 1099 2179 cupiditatem,
1120 2107 1196 2174 erga

139 2291 142 2295 g
234 2229 249 2269 «
272 2205 424 2272 mulieres
435 2205 528 2292 juxta
547 2203 694 2284 acyiros,
714 2207 783 2272 tum
791 2203 964 2292 ingenuos,
983 2200 1052 2269 trun
1068 2199 1192 2268 servos.

244 2363 246 2368 .
278 2343 294 2383 «
318 2321 399 2400 Quae
415 2320 494 2384 ver'o
509 2317 594 2384 inter
610 2315 808 2397 curandum,
823 2316 879 2383 'aut
895 2313 992 2383 etiam
1003 2311 1197 2381 medicinam

234 2454 249 2492 «
273 2427 414 2520 minime?
431 2427 580 2506 iaciens,
596 2427 631 2492 in
658 2427 820 2493 communi
846 2427 1012 2493 hominum
1036 2425 1120 2505 vita,
1146 2420 1200 2490 vel

234 2566 250 2604 a
272 2537 406 2619 videro,
424 2540 477 2605 vel
493 2537 644 2620 audiero,
663 2559 739 2627 quaa
759 2539 890 2606 minime
905 2538 947 2604 in‘
954 2538 1071 2626 vulgus
1086 2536 1205 2604 efferri

235 2661 444 2742 «oporteat,
465 2673 503 2719 ea
520 2664 638 2719 arcana
653 2673 725 2718 esse
740 2661 850 2732 ratus,
869 2651 981 2718 silebo.
1005 2648 1008 2652 ’
1192 2655 1194 2662 ‘

257 2768 385 2832 ·«·Hoc
409 2763 507 2852 igitur
526 2761 756 2852 jusjurandum
773 2763 800 2829 si
820 2742 969 2850 religiose
992 2763 1169 2828 observare
1181 2809 1196 2842 ,1

236 2902 252 2942 a
276 2898 313 2944 ac
325 2876 456 2943 minime
473 2875 599 2942 irritum
613 2876 740 2955 fecero,
759 2875 837 2941 mihi
853 2875 963 2955 liceat,
981 2896 1055 2942 cum
1071 2870 1196 2942 sumina

236 3016 251 3055 «
276 2989 364 3079 apud
380 3011 492 3056 omnes
516 2987 754 3055 existimatione
775 2989 936 3074 perpetuo
952 2987 1052 3054 vitam
1073 2986 1197 3053 felicem

236 3128 251 3168 κ
276 3101 396 3189 degere
409 3130 427 3180 ,·
450 3105 484 3167 et
516 3099 594 3166 artis
616 3099 815 3166 uberrimum
847 3098 988 3167 fructum
1013 3098 1197 3186 percipere.

236 3211 418 3306 «Quodsi
443 3210 521 3279 illud
544 3209 713 3310 uiolauero
735 3220 768 3278 et
792 3210 1006 3299 pejeravero‚
1034 3207 1197 3278 contraria

236 3349 252 3388 «
275 3323 353 3391 mihi
368 3325 558 3412 contingant
575 3321 628 3414 (l)
656 3347 671 3386 »
712 3331 714 3336 ’
1118 3325 1120 3330 “

267 3585 303 3650 (1)
322 3585 394 3648 Hipp.
403 3587 512 3651 Juejur„
532 3593 589 3637 secl.
610 3601 633 3642 i,
653 3599 676 3648 p.
697 3551 721 3635 1
