2906 4658
660 393 818 454 ..qq-

252 541 429 625 medicina,
449 552 518 613 tum
529 544 561 610 in
578 544 709 632 reliquis
724 545 862 623 artibus,
875 542 1049 631 plurimum
1065 539 1212 620 valcant,

251 653 472 726 medicus'eas
490 667 545 724 aut
561 655 691 724 dicendi
715 665 771 724 aut
795 655 911 744 agendi
935 656 1092 734 rationes,
1112 675 1227 743 quan-2

251 778 321 836 tum
343 769 486 857 poterit,
514 768 738 854 amplectatur.
763 767 824 848 Qui
845 819 853 848 ‚
876 767 902 834 si
923 767 983 835 hae
1002 766 1054 833 via
1071 765 1168 832 tortis
1181 774 1228 832 ct·

250 887 403 946 constans
419 878 569 958 incedat,
594 880 731 945 fortasse
750 877 881 945 divitias
898 899 962 946 non
986 877 1190 966 exaggerabit
1201 878 1228 954 ,²

250 998 340 1057 certe
354 991 486 1078 gloriam
504 988 591 1076 apud
608 1011 684 1056 suos
698 997 913 1081 posterosque
929 987 1116 1057 immortalis
1132 987 1215 1054 ohti-

251 1103 340 1170 nebit
356 1100 409 1193 (l).
532 1175 544 1185 ,,

295 1217 372 1282 llaec
395 1215 619 1301 Hippocrates.
643 1216 742 1283 llulta
764 1216 898 1302 insuper
920 1213 1066 1304 ejusdem
1090 1212 1218 1301 generis

252 1326 340 1414 apud
351 1328 429 1395 alios
440 1328 539 1408 libros
554 1327 775 1394 continentur.
788 1329 832 1394 Ea
850 1337 958 1395 autem
973 1327 1095 1407 omnia,
1113 1347 1223 1415 quan-³
1303 1390 1306 1396 .

254 1447 433 1528 taoumque
445 1441 527 1520 sint,
552 1439 759 1527 paucioribus
777 1440 885 1508 verbis
908 1447 1097 1518 contracta,
1116 1439 1148 1505 in
1165 1439 1223 1504 illo

253 1553 308 1638 qui
331 1547 514 1638 lunoaporcofic
535 1547 616 1638 ὅρκος
634 1553 820 1621 nominatur
840 1553 1008 1640 perlegere
1027 1553 1120 1620 licet}
1164 1553 1167 1558 ’
1219 1553 1225 1613 ἶ.

283 1665 402 1737 ,ωΡθῑ
420 1665 599 1751 Apollinem
619 1664 804 1744 medicum,
831 1674 864 1732 et
888 1666 1129 1754 AEsoulapium,
1149 1669 1235 1764 Hyy

258 1799 274 1838 «
297 1774 489 1862 giamquect
503 1779 692 1855 Panaceam,
706 1776 920 1865 jurejurando
936 1779 1071 1858 affirmo,
1091 1786 1124 1845 et
1136 1780 1220 1846 Deos

259 1911 274 1950 o
297 1888 446 1975 Deosque
471 1909 583 1956 omnes
604 1896 727 1968 testor,
757 1908 823 1967 me,
855 1889 1161 1976 quantum-viribus
1186 1897 1219 1956 et

259 2024 274 2062 «
295 1998 420 2087 judicio
444 2001 603 2081 valuero,
631 1999 721 2089 quod
744 2015 832 2068 nunc
851 2001 956 2089 juro,
984 2009 1017 2068 et
1040 2002 1220 2089 exscripto

260 2136 275 2175 «
299 2111 462 2200 spondeo,
481 2114 577 2200 plane
593 2113 854 2181 observaturum.

304 2248 320 2288 «
343 2227 582 2311 Praeccptorem
600 2223 753 2312 quidem,
779 2225 835 2313 qui
851 2245 902 2292 mc
919 2225 1003 2293 hanc
1018 2235 1121 2293 artem
1137 2221 1222 2294 edoss

261 2361 277 2401 «
301 2337 387 2417 cuit,
409 2344 581 2423 pareutum
602 2339 673 2404 loco
691 2337 909 2417 habiturum,
923 2338 1159 2427 eique,'quum
1180 2338 1223 2405 ad

261 2474 277 2512 o
301 2449 444 2528 victum,
475 2457 543 2517 tum
570 2450 667 2517 etiam
698 2448 739 2516 ad
771 2472 865 2518 usum
887 2451 1099 2530 necessaria,
1133 2456 1224 2539 gnato

261 2587 277 2624 c
301 2561 407 2638 animo
424 2561 737 2630 communicaturum
754 2570 787 2628 ct
803 2560 1101 2649 suppeditaturum.
1127 2563 1223 2651 Ejus-

262 2694 366 2760 oquc
387 2682 536 2760 posteros
554 2672 642 2761 apud
662 2694 713 2740 mc
736 2672 853 2741 eodem
876 2675 946 2741 loco
971 2696 1036 2762 quo
1055 2696 1226 2763 germanos
1286 2666 1289 2672 ’

262 2810 282 2856 o,
303 2786 417 2852 fratres
434 2787 524 2864 fore,
553 2805 692 2872 eosque,
713 2785 741 2880 si
757 2785 841 2852 hanc
857 2785 1144 2854 artemaddisoere
1162 2808 1224 2854 vo-

261 2920 277 2960 «
300 2895 395 2975 lent,
423 2895 546 2983 absque
571 2892 722 2962 mercede
748 2903 781 2962 et
805 2897 991 2986 syngrapha
1016 2896 1220 2965 edoctorum.

261 3031 277 3069 «
300 3007 560 3093 Praeceptionum
585 3026 716 3095 quoque
744 3013 777 3073 ct
802 3005 1030 3087 auditionum,
1059 3007 1224 3095 totiusque

262 3118 437 3206 «reliquae
463 3116 665 3205 disciplinae,
695 3140 796 3206 quum
822 3140 912 3186 meos
935 3129 967 3187 et
993 3121 1064 3209 eJ'us
1087 3119 1142 3206 qui
1173 3140 1224 3185 me
1269 3127 1273 3132 '

262 3253 278 3298 o
302 3227 434 3297 edocuit
460 3229 595 3308 liberos,
616 3239 685 3296 tum
714 3225 890 3318 discipulos
911 3233 966 3320 qui
990 3230 1115 3298 medico
1128 3230 1247 3317 jure--

262 3369 277 3408 ι(
297 3343 439 3432 jurando
461 3365 578 3411 nomen
595 3342 759 3432 fidemque
778 3341 949 3424 dederint,
969 3343 1143 3431 participes
1159 3343 1224 3409 lac-

262 3483 278 3522 «
303 3466 432 3536 turum,
453 3457 588 3524 aliorum
605 3463 767 3545 praetcrea
785 3455 958 3522 neminem.

305 3595 320 3632 «
344 3567 455 3638 Victus
476 3589 607 3656 quoque
634 3569 812 3646 rationem,
837 3576 995 3655 quantum
1022 3569 1174 3636 facultate
1192 3578 1225 3634 et

260 3681 421 3770 «judicio
443 3682 599 3769 consequi
626 3690 741 3768 potero
763 3732 771 3760 ,
800 3681 894 3769 aegris
925 3681 1036 3748 utilem
1062 3701 1112 3747 me
1138 3702 1226 3769 prae-

289 3959 323 4023 (1)
342 3959 380 4008 Dc
393 3958 485 4008 decerni
502 3959 602 4018 latito,
622 3964 680 4008 sect.
700 3971 722 4016 r,
743 3971 765 4020 p.
785 3961 824 4007 25.

1431 321 1444 575 ¹
