2906 4658
619 397 843 487 492-

280 595 368 656 esse,
395 572 615 664 quodcunque
647 583 718 653 est,
744 571 909 641 mordicus
939 578 1147 647 asseverent,
1178 563 1244 634 ho-

280 682 398 754 minem
415 693 471 754 eut
489 678 582 774 igne,
602 694 657 753 aut
679 677 774 765 'aerem
793 692 847 750 aut
864 683 968 772 aque,
986 684 1042 749 aut
1060 689 1147 756 term
1163 699 1242 746 oon-

277 804 364 866 st'are
389 789 567 886 simplicem
601 795 816 866 contendunt
845 783 966 863 urrant
998 794 1095 861 etiam
1124 791 1242 893 medici

276 903 355 997 ιιιιί,Ι
376 907 490 978 iisdem
513 913 580 978 iere
602 909 808 999 opinionibus
832 909 961 1012 imbuti,
988 929 1062 976 eum
1082 913 1136 975 eut
1162 926 1243 973 san-

278 1023 394 1110 guine,
412 1018 570 1100 ambite,
589 1032 645 1090 eut
659 1019 776 1111 pituita
797 1021 985 1110 simpliciter
999 1019 1163 1089 informari
1181 1041 1242 1107 pro

275 1133 359 1200 uero
382 1134 515 1202 habent.
534 1127 653 1215 'Quum
678 1135 764 1202 enim
781 1133 868 1200 nihil
894 1155 1030 1222 usquam
1054 1154 1155 1200 unum
1178 1131 1239 1210 sit,

278 1266 338 1312 nec
358 1269 443 1314 unus
465 1255 514 1314 est
537 1247 645 1314 homo.
679 1248 759 1315 Eum
786 1254 894 1314 autem
921 1244 1006 1334 finge
1030 1249 1151 1324 unum,
1177 1245 1241 1333 jam

278 1377 338 1424 neo
361 1357 469 1438 dolet,
497 1379 558 1426 nec
582 1357 694 1426 dolere
711 1365 836 1445 potest,
858 1351 932 1426 oum
949 1356 1028 1423 nihil
1053 1355 1243 1434 exsistant

277 1487 344 1554 quo
356 1463 486 1548 doleat,
506 1477 561 1536 aut
582 1467 694 1535 dolere
708 1469 823 1556 possit.
851 1469 948 1556 Finge
974 1465 1160 1546 dolentem,
1180 1486 1243 1532 ne-

278 1560 369 1644 cesse
393 1583 458 1674 est,
481 1588 514 1646 et
545 1578 634 1667 quod
656 1578 759 1647 dolori
779 1578 947 1670 medetur,
975 1577 1008 1646 id
1031 1599 1101 1646 esse
1127 1559 1247 1670 unums

278 1675 357 1756 C'um
373 1698 482 1757 autem
496 1691 592 1758 homo
613 1691 748 1779 quilibet
768 1693 888 1779 saepius
908 1691 1033 1771 doleat,
1059 1713 1133 1758 eum
1155 1690 1244 1758 mul-

272 1811 386 1869 torum
414 1801 563 1870 dolorum
594 1804 695 1870 multa
723 1802 788 1868 sint
812 1801 979 1880 remedia,
1006 1800 1082 1868 inde
1111 1799 1244 1874 oonolu-

277 1909 1242 2000 dendumplurimeinhominumcorporemagisveminusve

277 2023 363 2091 inter'
381 2044 453 2091 sese
469 2023 641 2118 commixta
656 2032 689 2092 et
706 2033 951 2112 contemperata
967 2022 1020 2114 (t).

220 2157 222 2162 ·
285 2159 291 2165 ·
321 2137 401 2217 Quae
418 2137 526 2204 autem
549 2137 613 2204 sint
638 2117 676 2204 ee
695 2129 855 2204 elementa
871 2137 897 2203 si
914 2157 965 2204 me
984 2137 1178 2224 interrogem
1201 2157 1242 2204 en

278 2248 336 2315 tibi
353 2237 560 2336 respondebo
579 2237 718 2316 hominis
736 2270 856 2337 corpus
881 2249 913 2314 in
934 2269 970 2316 se
986 2249 1192 2337 sanguinem,
1210 2258 1243 2316 et

276 2345 440 2448 pituitam,
458 2369 491 2426 et
507 2353 797 2447 bilem'duplieem
816 2361 932 2428 ssavum
943 2380 1060 2448 nempe
1079 2369 1112 2428 et
1127 2374 1242 2461 opum,

277 2473 373 2540 simul
391 2471 581 2553 continere:
596 2494 717 2562 easque
730 2495 807 2541 ‘esse
826 2494 940 2541 causas
958 2494 1016 2540 our
1036 2493 1124 2540 nuno
1144 2493 1245 2560 senus

210 2573 213 2580 ’
278 2567 405 2666 valeat,
423 2607 511 2654 nunc
528 2585 637 2654 doleat
652 2586 824 2675 languidus
841 2585 894 2678 (2).

324 2787 376 2854 111.
404 2787 436 2862 Si
457 2796 565 2854 autem
580 2787 655 2876 quis
675 2787 801 2856 animus
818 2807 937 2875 oorpus
957 2794 1065 2855 servet
1083 2785 1245 2873 integrum

280 2909 314 2966 et
328 2909 473 2979 moveat,
486 2901 513 2966 si
525 2901 599 2988 quis
613 2901 749 2980 sentiat,
761 2901 835 2989 quis
847 2901 1003 2989 intelligat
1019 2901 1101 2971 scire
1117 2897 1243 2986 pleoe't,

278 3011 419 3098 primum
442 3013 545 3102 qualis
562 3012 604 3080 sit
624 3013 675 3080 ille
699 3018 853 3100 spiritus,
873 3013 929 3102 qui
945 3033 1051 3101 graeee
1065 3026 1169 3096 πνεῦμα
1182 3029 1248 3078 uo-

280 3129 393 3204 cetur,
414 3126 571 3205 attentius
589 3125 682 3192 nobis
696 3123 949 3213 expendendum
965 3135 1026 3193 est.¹

289 3261 292 3269 ’
325 3237 487 3302 Summam
509 3237 582 3303 esse
613 3237 696 3304 aeris
725 3238 758 3304 in
790 3237 877 3303 omni
901 3240 1021 3305 Natura
1046 3244 1243 3326 potestatem

281 3365 375 3414 nemo
391 3347 521 3434 sepiens
538 3368 657 3435 negare
668 3348 783 3436 possit.
807 3346 892 3429 Quid
908 3347 1001 3415 'enim
1024 3348 1095 3419 sine
1119 3367 1194 3414 aere
1210 3343 1248 3413 fit
1284 3394 1290 3404 1

282 3455 440 3547 usquam?
456 3462 519 3525 Aut
536 3480 553 3526 a
569 3481 711 3547 quonam
727 3460 779 3527 ille
792 3449 906 3528 abest?
916 3461 1018 3526 Omne
1028 3459 1248 3532 ooelum-inter

281 3579 314 3640 et
337 3579 456 3638 terrem
480 3570 621 3657 spatium
651 3571 847 3660 interjineens
873 3572 1029 3640 continuo
1059 3592 1134 3640 aere
1159 3591 1249 3638 com-

282 3686 412 3773 pletur;
442 3705 548 3774 neque
574 3695 693 3753 ventus
715 3686 796 3755 a'lius
819 3695 869 3754 est
894 3708 991 3776 quam
1016 3685 1140 3774 copiosi
1166 3682 1250 3752 aeris

317 3913 352 3974 (i)
371 3913 407 3961 De
425 3922 476 3962 not.
493 3914 605 3974 loomim,
621 3921 677 3964 seot.
692 3929 737 3974 ιιι,
757 3929 780 3977 p.
796 3915 860 3974 net,
878 3918 934 3966 mo.

315 3999 352 4064 (2)
371 4001 430 4052 leid.
790 3995 794 4001 ’
