2906 4658
616 387 758 446 .,„5,‚

189 589 194 595 ·
250 544 429 619 Ceterum,
453 537 580 604 nisime
600 533 719 624 opinio
731 536 830 615 fallit,
851 557 917 603 non
933 556 971 604 ea
987 529 1056 604 er'at
1073 535 1171 605 unius

206 651 410 743 Hippocratis
425 651 599 720 sententia.
617 651 754 738 lamiam
770 650 862 740 multi
878 660 973 717 antea
985 649 1170 738 philosophi

206 764 426 833 sanandorum
443 759 616 851 corporum
635 769 739 828 artem
758 759 966 830 excoluerant
976 756 1107 850 3'eaque
1123 753 1173 826 iri-³

207 889 258 949 ter
267 871 506 970 pythagoreos,
523 896 660 965 quorum
671 885 881 942 summaerat
898 875 1072 942 auctoritas
1082 867 1093 956 ‚'
1109 876 1174 941 ier-

208 1003 262 1062 tur
278 991 605 1080 diu¹viguisseouin
616 973 731 1074 etiam,
744 983 947 1060 Democritus
962 981 1051 1080 ipse,
1070 976 1174 1059 medi-

207 1107 291 1173 cinae
326 1104 593 1184 amantissimuss
611 1099 685 1172 cum
714 1104 770 1172 ad'
785 1095 1014 1193 Hippocratem
1043 1093 1173 1172 ¹litteras

208 1217 364 1306 quosdam
380 1217 524 1284 mitteret
538 1215 599 1306 (l),
619 1217 706 1298 haee,
721 1217 853 1284 remotis
872 1216 1076 1304 ambagibus,
1093 1237 1174 1303 per-

207 1329 340 1397 scribit:
675 1413 678 1422 ἵ

258 1467 274 1506 n
298 1443 417 1509 Omnes
433 1450 535 1509 artem
544 1440 704 1509 medicam
722 1462 818 1509 nosse
831 1442 1000 1522 convenit,
1017 1463 1036 1508 ο
1053 1443 1178 1530 llippo-

215 1581 231 1620 «
254 1565 376 1635 crates,
402 1576 476 1622 eum
499 1554 656 1642 praeclara
675 1555 771 1622 simul
792 1575 845 1622 res
870 1555 929 1633 sit,
955 1562 988 1622 et
1013 1553 1175 1622 advitam

216 1694 231 1732 r
255 1665 485 1748 conducibilis,
507 1676 575 1756 tum
593 1689 672 1765 vero
687 1667 740 1734 vel
755 1666 892 1734 maxime
908 1665 1122 1747 eruditionis,
1142 1675 1175 1734 et

215 1807 231 1846 «
255 1781 619 1870 eloquentiaesperitis.
633 1781 823 1868 ·Sapientiae
848 1782 933 1848 enim
959 1782 1176 1870 cognitionem

215 1918 231 1959 «
255 1891 432 1960 medicinae
442 1913 587 1968 sororem
597 1903 630 1960 et
641 1893 916 1960 familiaremesse
927 1891 1029 1976 ducor
1042 1891 1179 1980 Sapien-

215 2030 231 2069 «
256 2005 300 2071 tia
328 2003 488 2094 siquidem
513 2004 610 2071 animi
632 2005 896 2091 perturbationes
922 2005 1090 2086 exhaurit3
1120 2003 1178 2072 sed

216 2143 230 2181 n
255 2116 416 2184 medicina
426 2137 600 2204 corporum
615 2117 746 2183 morbos
760 2117 863 2204 pellit.

260 2251 277 2295 «¹
298 2234 389 2299 llens
411 2237 519 2297 autem
545 2229 717 2308 increscit,
744 2250 818 2296 oum
844 2213 937 2296 adest
969 2229 1090 2296 sanitas
1115 2227 1180 2320 (2),

216 2370 231 2407 ι(
256 2345 351 2432 cujus
367 2364 478 2410 curam
497 2341 618 2409 habere
635 2363 710 2422 eos,
732 2343 788 2431 qui
805 2327 896 2408 recte
914 2342 1061 2409 sentiunt
1071 2387 1085 2421 ‚-
1096 2357 1203 2428 prae-'

216 2481 232 2521 «
256 2456 459 2522 clarumest.
480 2453 539 2520 Ubi
554 2473 633 2521 vero
649 2452 802 2540 corporis·
816 2453 945 2520 habitus
963 2452 1071 2532 dolet,
1091 2473 1183 2542 mens

217 2594 232 2633 «
256 2567 298 2635 ad
314 2567 446 2636 virtutis
460 2565 731 2650 exercitationem¹
744 2566 862 2632 nullam
889 2565 1023 2634 adhibet
1041 2564 1183 2654 diligen-

217 2705 232 2745 «
257 2682 345 2748 tiam.
373 2683 520 2747 Praesens
538 2678 625 2745 enim
650 2677 783 2744 morbus
809 2679 950 2746 animum
969 2679 1184 2746 vehementer

217 2818 232 2858 «
256 2792 410 2869 hebetat,
435 2796 468 2856 et
483 2789 728 2876 intelligentiam
748 2789 780 2854 in
797 2789 934 2856 affectus
950 2789 1177 2877 cognationem

216 2901 518 2973 «seeum-adducit
540 2901 594 2992 (3).
621 2926 636 2964 u

256 3021 301 3082 Ea
317 3027 424 3084 autern
439 3014 631 3081 rescribenti
641 3034 718 3080 eece
732 3013 893 3081 succurrit
901 3012 1066 3080 Platonem
1082 3014 1179 3080 etiarn

214 3127 301 3217 apud
322 3129 484 3201 Timaeum,
503 3125 604 3192 multa
621 3123 722 3191 multo
735 3147 809 3192 cum
819 3125 947 3212 lepore,
968 3134 1004 3192 ut
1014 3125 1179 3195 Platonem

246 3336 282 3400 (l)
301 3334 471 3405 Haegllpistolae
487 3347 531 3396 pro
542 3334 648 3396 spuriis,
661 3335 702 3384 sed
714 3335 848 3385 veterrimis
859 3343 957 3396 tameo,
971 3351 984 3386 a
1000 3337 1122 3400 plerisque
1132 3336 1177 3385 ha-

213 3425 319 3481 bentnrr
340 3437 387 3494 nec
401 3421 507 3484 indigna
526 3429 582 3471 sunt
597 3437 651 3484 quae
672 3423 697 3471 in
718 3424 826 3494 medium
847 3427 987 3474 afferuntur.
1009 3424 1055 3474 Adi
1074 3425 1175 3484 Risum,

215 3514 347 3564 Horrdbaclr
358 3512 402 3562 der
412 3513 551 3562 Gescticlrte
563 3512 608 3562 der
615 3514 774 3578 philosophie,
785 3530 809 3578 p.
823 3519 1081 3576 139.-'lennemann,
1094 3516 1178 3568 earn

213 3607 258 3655 cler
273 3603 408 3669 philosoph.
429 3603 508 3666 (Edit.
527 3603 650 3668 weriot),
672 3606 697 3663 l,
716 3600 794 3656 mn(
1000 3603 1004 3609 ’
1091 3626 1118 3662 ⁴,

230 3753 233 3758 Α
246 3698 282 3760 (2)
302 3696 437 3776 Versiculos
448 3695 502 3745 ille:
516 3694 584 3746 Mens
598 3711 660 3744 sana
672 3696 697 3744 in
707 3695 892 3760 corporatam,
906 3697 958 3760 jam
971 3698 1037 3761 apud
1049 3698 1184 3771 Hippocra-

213 3797 260 3839 tem
279 3787 416 3854 reperitur:
429 3790 581 3862 ὑγιαινούοῇη
598 3792 702 3863 γνώμῃ,
720 3792 777 3864 pao’
796 3792 958 3864 ὑγιαίνοντος
986 3795 1103 3866 σώματος
1127 3791 1185 3854 (De

213 3885 273 3932 Arte
283 3921 291 3943 ,
300 3894 356 3936 rect.
372 3902 393 3946 r,
407 3901 431 3950 p.
445 3888 485 3950 3).

247 3974 286 4037 (3)-
301 3975 405 4039 Epistol.
421 3979 531 4028 Democr.
549 3979 693 4042 Hippocrati.
710 3980 738 4029 dr
752 3991 804 4030 nat.
816 3981 897 4039 lum..
917 3990 974 4034 sect.
994 3998 1052 4040 sur,
1066 3997 1089 4044 p.
1111 3985 1183 4031 4288·
