2906 4658
621 403 798 475 -27..

229 586 245 626 ι
269 561 309 627 ‘et'
320 569 448 648 septum
475 570 695 629 transversum
719 566 884 645 sentiunt,
909 577 1059 636 neutrum
1076 564 1189 638 ¹tamen

163 745 165 752 ¹
232 697 248 736 <r
274 670 460 759 prudentiae
480 673 535 760 jus
559 673 677 753 habet,
704 672 763 741 sad
784 675 897 745 horum
924 675 1076 746 omnium
1094 684 1192 749 cere-

231 807 247 846 «
270 781 364 848 hrum
380 791 492 848 auctor
509 791 570 848 est.
611 805 614 810 ·
1129 795 1131 800 '

276 917 292 956 ι(
315 893 484 960 Plurimum
502 894 567 958 vim
589 893 727 960 hominis
746 895 916 961 cerebrum
937 897 1058 964 habere
1077 900 1193 966 existi-

232 1029 247 1068 «
271 1025 335 1072 mo.
363 1007 430 1071 lloc
453 1005 554 1082 enim,
582 1006 608 1071 si
633 1006 747 1071 sanum
773 1026 845 1072 esse
866 1004 1056 1095 contigerit,
1077 1011 1189 1090 nobis,

234 1141 250 1181 «
265 1118 348 1204 'quae
372 1117 413 1182 ab
437 1137 511 1183 aere
537 1116 640 1193 fiunt,
668 1116 802 1184 indicat.
828 1117 1036 1186 Prudentiam
1060 1121 1139 1188 vero
1165 1124 1193 1188 ei

234 1253 250 1292 ι(
274 1249 329 1295 aer
352 1228 587 1296 subministrat.
619 1228 715 1294 Oculi·
740 1235 875 1308 autem,
910 1227 1024 1309 aures,
1055 1233 1162 1320 lingua
1184 1286 1192 1312 ,
1233 1315 1236 1320 Ι

132 1347 135 1354 “
235 1364 252 1404 «
274 1360 390 1406 manus
407 1347 440 1406 et
459 1337 579 1426 pedes,
606 1359 644 1405 ea
660 1359 737 1426 vquae
754 1340 924 1407 cerebrum
942 1344 1108 1429 cognoscit
1132 1343 1196 1410 ad-

235 1475 251 1514 «
275 1451 471 1518 ministrant.
499 1454 662 1533 Quantum
687 1451 772 1518 enim
796 1473 870 1518 aere
886 1447 1193 1534 communicaverit,

233 1587 250 1626 u
274 1567 401 1631 tantum
419 1563 572 1633 universo
588 1564 716 1651 corpori
733 1560 908 1650 prudentia
924 1565 1059 1633 accedit.

190 1653 193 1658 ⁵
281 1675 296 1738 ι’(
321 1678 365 1740 Ac
390 1696 487 1742 nosse
507 1675 655 1742 homines
677 1676 851 1755 convenit,
876 1698 941 1742 non
955 1672 1087 1745 'aliunde
1105 1680 1197 1746 nobis

239 1811 255 1850 (ι
278 1783 479 1873 voluptates,
510 1787 660 1864 laetitias,
692 1786 776 1852 risus
802 1796 835 1853 et
861 1788 971 1874 jocoS,
1000 1811 1096 1876 quam
1122 1790 1197 1856 hinc

238 1922 254 1961 «
278 1899 486 1986 contingere,
506 1897 648 1986 itemque
674 1896 819 1976 dolores,
841 1900 1023 1978 molestiae,
1050 1901 1197 1968 tristitias

226 2033 253 2072 ·«
277 2017 310 2075 et
336 2010 485 2097 ejulatus.
512 2003 645 2097 Hacque
663 2017 757 2097 parte
781 2011 946 2097 praecipue
973 2011 1137 2099 sapimuS‚
1165 2022 1199 2080 et

233 2143 253 2183 <r
278 2119 499 2207 intelligimus,
517 2128 554 2186 et
565 2119 733 2199 videmuS,
752 2128 785 2186 et
801 2119 972 2200 audimus,
993 2130 1026 2187 et
1041 2123 1149 2209 turpia
1163 2133 1196 2190 et

236 2253 257 2295 ι(
282 2231 420 2297 honesta
442 2231 686 2318 cognoscimus,
709 2232 857 2318 malaque
878 2239 911 2298 et
926 2231 1028 2311 bona,
1054 2230 1196 2322 itemque

237 2367 253 2406 ι
277 2363 352 2430 quae
372 2340 518 2430 jucunda
541 2351 617 2410 sunt
642 2351 674 2408 et
698 2342 896 2430 injucunda,
920 2345 1039 2431 partim
1066 2345 1198 2433 quidem

238 2453 515 2521 «consuetudine
539 2453 775 2533 discernimuS‚
808 2456 926 2542 partim
953 2478 1032 2524 vero
1057 2453 1196 2526 utilitate

238 2591 254 2633 ι(
277 2565 485 2654 percipimus.
505 2567 570 2632 llac
586 2566 683 2632 etiam
705 2575 799 2653 parte
817 2568 1003 2654 voluptates
1024 2578 1057 2636 et
1080 2567 1197 2638 moles-
1284 2573 1285 2578 ’

235 2703 251 2745 ιι
273 2679 335 2746 tias
352 2677 552 2766 temporibus
572 2676 811 2765 dignoscimus,
842 2701 948 2768 neque
971 2681 1084 2748 eadem
1101 2683 1194 2749 nobis

240 2817 256 2856 ι(
278 2793 409 2880 placent
425 2801 509 2871 eto,
527 2800 611 2871 etc,
634 2789 687 2880 (l).
714 2815 729 2855 »

235 3053 237 3056 ·
279 3019 318 3082 V.
338 3017 392 3081 lta
408 3016 533 3082 animus
547 3037 647 3103 quum
663 3024 718 3082 aut
735 3017 767 3081 in
785 3015 900 3104 frigido
916 3018 1072 3098 cerebro,
1088 3029 1144 3088 au't
1163 3022 1195 3096 ip

235 3126 339 3197 calido
355 3127 454 3196 corde
473 3129 567 3209 insit,
585 3139 618 3197 et
636 3129 712 3196 inde
727 3150 788 3216 per
801 3138 902 3198 totam
919 3131 1035 3196 molem
1053 3147 1129 3208 sese·
1144 3131 1198 3196 in-

228 3241 342 3310 sinuet
363 3239 425 3332 (2),
457 3239 621 3328 quoddam
641 3242 940 3330 conjunctissimum
962 3264 1036 3310 cum
1062 3236 1199 3330 corpore

116 3403 129 3440 ‹.
209 3353 334 3434 shabet
349 3353 588 3422 commercium.
611 3355 652 3419 Ut
665 3361 784 3440 corpus
801 3363 1023 3442 temperatur,
1046 3357 1092 3424 sic
1111 3366 1199 3423 tem-

235 3462 367 3552 peratur
383 3476 418 3534 et
431 3467 512 3554 ipse,
962 3477 965 3482 '

282 3599 297 3643 a
321 3579 352 3645 Si
369 3577 457 3667 quod
473 3579 505 3644 in
521 3579 594 3666 igne
606 3578 742 3645 maxime
758 3586 807 3645 est
825 3578 1010 3659 humidum,
1024 3591 1056 3647 et
1073 3582 1105 3646 in
1115 3602 1198 3668 aqua

264 3798 301 3864 (l)
320 3800 452 3849 Demorto
462 3814 550 3859 sucro,
563 3806 620 3850 sect.
638 3815 683 3858 ιιι,
699 3814 724 3862 p.
739 3803 800 3858 ³08,
817 3805 874 3851 31⁰.

264 3887 300 3952 (2)
322 3906 334 3935 ι
349 3889 379 3938 ln
389 3901 462 3938 omne
474 3889 583 3948 animal,
602 3889 670 3950 quod
690 3889 874 3952 respirationem
893 3891 979 3950 hobel,
1001 3891 1091 3956 irrepit.
1111 3895 1200 3958 »(De

237 3975 312 4026 victua
330 3977 447 4037 rollone,
465 3985 514 4028 sect
525 3993 565 4037 ιι,
580 3993 603 4041 p.
618 3978 695 4039 etl.)
