2906 4658
686 371 863 444 ...32-

292 561 308 600 u
330 533 413 604 ritus
429 535 514 632 intro
528 543 562 602 et
581 536 665 604 iuras
678 543 835 622 permeat.
854 535 893 600 lit
910 551 970 620 per
987 528 1258 599 bacnominibus

291 673 307 712 u
329 653 462 732 cognitio
479 648 637 734 contingit
659 646 757 737 (1).»

330 757 413 824 illias
424 755 508 824 idem
523 756 639 826 eodem
656 759 731 824 lere
749 755 847 823 modo
866 775 873 820 :
951 811 954 818 ,

338 891 354 932 «
378 869 422 934 lla
439 868 546 934 omnia
562 867 594 932 in
609 866 743 932 visionis
755 863 1065 944 ,-auditionis‚-
1077 870 1202 940 tactus,
1214 899 1258 916 -

289 1003 305 1042 u
329 978 737 1065 narium‚—-lingnae‚-.-et
751 981 968 1062 intelligentiae
978 996 1104 1042 sensum
1120 971 1255 1052 cadunt,

289 1117 305 1157 a
328 1093 497 1180 exquibus
512 1092 616 1158 omnis
631 1090 773 1179 cognitio
790 1093 903 1158 nostra
920 1086 1121 1177 οοη3131.(2).
1148 1111 1164 1150 n
1208 1084 1210 1088 ’

330 1201 421 1272 Nunc
434 1213 542 1272 autem
554 1203 581 1270 si
596 1203 657 1270 alia
667 1223 741 1270 cum
759 1202 828 1268 aliis
840 1202 1007 1279 conseras,
1027 1198 1104 1266 inde
1115 1198 1255 1289 primum

287 1323 377 1400 patet
403 1314 489 1380 illum
514 1319 661 1400 spiritum
690 1321 774 1382 intro
797 1327 826 1383 et
851 1317 937 1402 [orca
954 1325 1177 1400 perlucentem,
1201 1312 1256 1400 qui

288 1447 388 1513 supra
407 1424 610 1506 declaratur,
630 1426 709 1493 nihil
719 1426 810 1495 aliud
827 1448 899 1495 esse
917 1447 1013 1514 quam
1030 1425 1115 1492 hanc
1135 1429 1258 1492 iutelli-

286 1540 436 1620 gcnticm‚
459 1555 533 1621 quae
548 1535 649 1614 inlra;
665 1531 813 1624 ldeinde‚
827 1555 1043 1623 quaecumque
1053 1541 1255 1622 cognoscunt

288 1647 453 1726 homines,
473 1666 511 1714 ca
530 1649 638 1714 omnia
653 1650 706 1716 vel
723 1669 741 1714 a
760 1649 910 1716 sensibus
924 1650 977 1716 vel
988 1649 1029 1715 ab
1045 1647 1255 1735 intelligentia

288 1755 383 1837 oriri;
398 1765 584 1842 postremo,
609 1758 712 1844 ipsam
738 1759 982 1848 intelligentiam
1000 1781 1065 1826 ncn
1085 1758 1221 1826 maxime
1238 1778 1256 1824 a

290 1867 439 1937 sensibus
454 1867 606 1948 differre,
627 1890 701 1938 cum
718 1869 770 1936 hic
786 1877 819 1936 et
837 1869 899 1934 illio
914 1889 1030 1936 sensus
1047 1867 1239 1955 appelletur.

293 2031 294 2034 ,
332 1980 400 2046 Alio
420 1989 540 2048 autem⁴
554 1981 625 2047 loco
649 1979 690 2070 (3)
714 2001 775 2066 pro
793 1980 918 2074 visione
934 1978 1073 2067 quadam
1088 1977 1229 2046 habetur
1247 1997 1255 2042 :

293 2116 306 2148 α
327 2098 379 2150 ὅσα
392 2098 442 2170 γὰρ
455 2101 502 2154 τὴν
516 2103 566 2150 τῶν
582 2095 704 2170 ὀμμάτων
720 2095 781 2168 ὄψιν
795 2095 920 2170 ἐκφεύγει,
931 2103 1017 2151 ταῦτα
1029 2105 1076 2159 τῆς
1089 2092 1259 2170 γνώμηςόψιι

286 2210 452 2281 κεκράτηται.
476 2194 629 2262 »Verum
658 2189 691 2258 id
722 2213 794 2260 esse
824 2193 914 2286 velut
940 2189 1071 2259 dicendi
1092 2189 1258 2280 quoddam

287 2303 459 2372 artificium
467 2304 563 2390 plane
584 2302 829 2384 demonstrant,
848 2325 923 2391 quae
941 2305 1096 2371 continuo
1111 2324 1257 2392 sequun-
1351 2373 1354 2380 ,

289 2426 343 2484 tur
361 2435 369 2482 ε
386 2440 401 2480 u
423 2416 477 2481 Ille
494 2415 579 2482 enim
597 2412 757 2501 (medicus
772 2416 906 2506 nempe)
923 2439 997 2486 cum
1013 2437 1119 2504 neque
1135 2413 1258 2482 doloris

280 2549 308 2608 2«
331 2547 461 2606 causam
487 2526 588 2593 oculis
613 2547 763 2607 cernere,
793 2549 899 2614 neque
925 2528 1091 2596 auditione
1116 2549 1255 2616 cognos-
1307 2565 1310 2572 .

282 2666 309 2722 g«
332 2647 526 2727 coaequent,
537 2638 1006 2730 ratiocinationeconsequitur
1019 2640 1071 2731 (l).
1092 2642 1256 2729 »Jamque

290 2761 385 2820 antea
405 2751 619 2839 Hippocrates
644 2751 675 2816 in
699 2750 815 2820 eodem
839 2755 884 2818 De
906 2766 974 2821 crte
992 2753 1090 2832 libro,
1118 2753 1178 2820 alia
1200 2752 1257 2819 vi-

291 2862 401 2931 dendo
419 2864 562 2950 percipi,
582 2865 643 2930 alia
663 2863 748 2930 intra
766 2887 801 2932 se
824 2864 998 2952 cogitando
1016 2866 1148 2954 intelligi
1173 2887 1258 2934 con-

292 2975 476 3044 firmaverat
492 2973 545 3064 (5).

274 3178 276 3182 ⁵
334 3201 413 3270 Vlll.
435 3200 587 3278 ,Quonam
599 3209 707 3267 autem
723 3211 820 3288 pacto
837 3223 876 3270 ea
891 3225 966 3290 quae
982 3212 1073 3273 extra
1089 3211 1165 3270 sunt
1180 3222 1257 3270 sen·

291 3309 381 3380 sibus
401 3308 619 3396 percipiamus
643 3311 776 3412 agitanti
799 3335 860 3386 res
879 3314 922 3380 ita
948 3335 1020 3384 sese
1050 3315 1171 3383 habere
1199 3313 1254 3380 vi-

326 3568 363 3632 (1)
382 3568 418 3616 De
429 3567 506 3616 victua
520 3568 632 3627 ratione,
649 3575 708 3620 secl.
726 3583 763 3628 rr.
780 3583 804 3633 p.
820 3573 877 3623 316.

325 3660 360 3721 (2)
379 3655 506 3730 Decfficlo
523 3656 627 3715 πιοάίσί,
641 3663 699 3708 sect.
718 3672 759 3718 rr,
782 3672 806 3721 p.
829 3661 884 3714 710.

325 3747 362 3813 (3)
381 3748 417 3796 De
431 3749 507 3804 Arte,
524 3753 582 3798 secl.
600 3761 624 3806 ι,
641 3761 665 3810 p.
683 3751 707 3797 6.

325 3835 361 3899 (1)
379 3836 455 3894 lata,
474 3835 547 3898 paulo
564 3835 635 3885 intra.

327 3925 362 3988 (5)
382 3923 458 3982 llic,
479 3938 501 3985 p.
526 3928 549 3974 a.
