2906 4658
669 328 923 434 -rr-'·

274 539 419 628 notatum
445 528 552 594 velim.
591 526 717 603 Libros,
747 547 877 614 quaeso,
913 527 968 614 qui
998 550 1059 614 pro
1089 532 1238 617 genuinis

272 644 369 732 vulgo
391 641 568 715 hahentur,
596 659 670 704 cum
696 637 748 716 iis,
776 638 832 726 qui
852 659 913 724 pro
936 641 1069 727 spuriis,
1096 645 1234 712 confer:

273 756 394 842 saepius
425 754 522 840 plane
561 749 692 818 easdem
732 750 912 818 sententias
956 752 1044 839 apud
1082 763 1240 844 utrosque

179 896 181 902 ’
273 867 428 955 reperies.
458 858 542 946 Quid
569 861 668 928 inde‘?
698 862 804 949 Spurii
821 883 862 930 ne
884 863 1028 945 sint,.an
1045 887 1132 945 non,
1157 868 1237 939 nihil

272 982 441 1049 interesse..
453 980 499 1042 ne
514 980 632 1044 decenti
641 979 751 1042 hcmtu
767 975 953 1054 librum,1)e
964 983 1073 1064 prisco
1088 984 1238 1048 audietne

271 1093 399 1179 respuis
418 1110 425 1154 :
444 1089 485 1156 sit
503 1089 564 1168 ita3
584 1096 616 1155 at
631 1096 781 1174 superest
797 1088 998 1177 Hippocratis
1008 1094 1236 1174 jusjurandum

271 1224 337 1290 quo
358 1219 509 1279 morum3
538 1208 571 1264 at
595 1208 746 1285 superest
772 1200 815 1265 De
836 1203 984 1266 carnibus
1001 1199 1100 1281 liber,
1118 1225 1238 1291 super-

272 1322 321 1382 est
336 1313 382 1379 Ds
406 1297 515 1378 victus
528 1315 666 1384 ratione,
683 1309 801 1397 quibus
819 1310 964 1378 historiae
982 1314 1106 1380 amator
1122 1325 1238 1384 osten-

271 1432 370 1492 tetur.

317 1539 398 1616 Quae
413 1556 513 1622 quum
529 1536 573 1600 ita
589 1535 669 1611 sint,
687 1533 911 1622 triaquaedam
927 1538 1110 1606 summatim
1132 1517 1239 1626 colligi

270 1668 367 1734 posse
383 1646 463 1712 mihi
482 1644 636 1713 videntur
652 1646 714 1712 hoc
735 1644 849 1712 modo:

314 1761 470 1837 Primum,
489 1759 719 1848 physicorum,
739 1759 958 1848 inprimisque
967 1762 1238 1840 Heraclitis,fan-

271 1885 365 1942 toret
383 1873 561 1963 discipulus
581 1873 759 1940 certissime
774 1874 896 1940 exstitit
916 1875 1149 1962 Hippocrates,
1163 1898 1237 1948 cum

271 2009 328 2054 eos
337 1987 436 2052 libros
449 2038 457 2064 ,
472 1986 503 2051 in
517 1985 636 2073 quibus
650 1983 786 2072 physica
795 1984 947 2070 qnaedam
957 1984 1166 2078 disseruntur
1178 1985 1235 2076 (t),

270 2097 438 2165 socraticis
457 2095 658 2183 temporibus
683 2094 833 2162 conditos
858 2097 955 2165 fuisse
973 2120 1034 2185 pro
1059 2085 1238 2166 certissimo

271 2211 441 2277 habeatur.

317 2322 459 2398 Deinde,
486 2341 671 2409 quanquam
686 2322 787 2388 multa
809 2321 1008 2409 eximiaque,
1028 2325 1114 2389 intra
1130 2322 1239 2392 medi·
1324 2397 1327 2406 Ι

273 2437 358 2518 cinae
374 2433 469 2513 fines,
483 2456 573 2501 more
590 2435 763 2526 socratico,
777 2434 947 2522 pracepit,
962 2457 1025 2502 non
1045 2435 1119 2502 ideo
1131 2446 1238 2508 tamen

273 2547 395 2614 Socrati
423 2559 523 2630 ἑταῖρος
549 2542 797 2612 adscribendus.
834 2545 962 2633 Quippe
989 2546 1044 2631 qui
1076 2547 1173 2612 fuerit
1206 2547 1238 2614 iu

272 2659 437 2738 omnihus,
451 2659 700 2746 praesertimque
724 2658 755 2723 in
778 2655 921 2730 moribus
935 2667 1148 2742 αὐταρκέστατος.
1174 2663 1239 2728 Nec

272 2774 407 2840 Athenis
422 2795 565 2861 unquam
583 2781 726 2840 moratus
744 2782 809 2850 est;
830 2792 890 2838 nec
908 2771 952 2837 ita
969 2775 1101 2840 Socrate
1111 2774 1236 2863 junior,

272 2893 307 2952 ut
323 2885 394 2973 ejus
418 2884 555 2970 vestigia
572 2883 724 2970 persequi
741 2883 897 2969 potuerit.
960 2905 965 2912 ·

315 3001 497 3074 Postremo,
516 3005 550 3061 et
568 2995 711 3072 Platoni,
740 3004 772 3062 et
789 2996 970 3075 Aristoteli,
991 3007 1024 3064 et
1043 2998 1153 3066 stoicis
1168 2998 1238 3069 sine

272 3110 370 3180 dubio
400 3109 554 3196 nonnulla
577 3106 727 3184 tradidit,
756 3129 831 3195 quaa
859 3108 1073 3176 imitarentur.
1097 3111 1238 3179 Galenus

271 3223 406 3292 enimin
425 3222 477 3287 illo
503 3220 583 3285 libro
607 3221 662 3307 qui
692 3223 808 3286 est‘De
833 3224 976 3288 Plutonis
992 3235 1021 3288 et
1036 3225 1237 3310 Hippocratis

271 3340 418 3410 decretis,
432 3355 528 3422 quam
538 3315 676 3421 plurima
686 3334 817 3421 utrique
829 3335 1011 3402 communia
1021 3333 1166 3403 ostendit
1182 3336 1235 3428 (2).

270 3454 337 3518 lmo
370 3450 466 3517 etiam
493 3449 598 3536 ipsum
621 3447 786 3515 Platonem
819 3447 977 3519 habemus
1012 3448 1234 3518 confitentem.

271 3563 348 3646 Qui,
369 3559 457 3649 apud
474 3563 660 3650 Phaedrum,
682 3580 717 3626 se
740 3557 853 3624 eadem
871 3569 972 3646 μεθόδῳ
992 3581 1057 3647 qua
1083 3563 1238 3629 maximus

271 3679 483 3767 Hippocrates
506 3675 646 3758 hominis
681 3683 828 3741 naturam
858 3675 1127 3762 investigaturum
1156 3700 1239 3764 pro-

302 3881 337 3941 (t)
356 3880 502 3935 Praesertim,
520 3878 699 3935 vicariatus,
713 3877 837 3926 Devictus
850 3878 954 3926 ratione.

303 3969 337 4031 (2)
357 3969 403 4016 Adi
416 3968 456 4016 tib.
473 3969 504 4022 V,
515 3981 536 4015 c.
552 3982 584 4017 rr.
600 3995 630 4004 -
642 3970 670 4016 L.
685 3968 738 4016 vm
749 4002 756 4025 ,
767 3982 789 4016 e.
803 3983 833 4026 rr,
847 3982 887 4024 rr,
900 3975 946 4016 etc.
