2906 4658
200 898 202 906 '
304 909 335 975 Si
348 908 415 996 jam
444 908 485 975 ad
503 904 654 996 quaedam
676 907 736 995 ipsi
754 906 927 975 medicinae
951 907 1105 996 propiora
1127 908 1223 975 veni-

260 1027 352 1099 mus',
373 1019 602 1107 Hippocratem
625 1041 690 1086 non
710 1018 819 1087 minus
836 1019 868 1084 in
890 1017 1223 1097 describendismor-

259 1131 375 1200 borum
399 1131 525 1211 causis,
552 1131 605 1198 vel
629 1130 806 1210 remediis,
838 1113 935 1219 quam
960 1132 993 1198 in
1018 1131 1156 1198 'medicis
1179 1131 1222 1200 ad

259 1242 554 1312 virtutisstudium
576 1243 787 1311 cohortandis
810 1244 1037 1325 excellentem,
1061 1267 1126 1311 non
1151 1245 1222 1312 sine

258 1355 365 1442 aliqua
386 1353 599 1423 admiratione
615 1355 809 1424 videbimus.
836 1358 866 1424 Is
883 1366 933 1424 est
954 1358 1040 1425 enim
1058 1356 1221 1425 scribendi

259 1465 341 1535 ordo
356 1473 390 1534 ‘et
409 1468 514 1554 lepos,
533 1489 572 1536 ea
586 1482 640 1535 re's
660 1489 808 1557 quasque
826 1467 1242 1558 observandisdiligentia,'

259 1599 298 1645 ea
309 1578 522 1648 ratiocinandi
536 1580 585 1647 vis
598 1588 631 1648 et
644 1581 832 1650 continuata
844 1582 966 1664 series,
982 1592 1019 1650 ut
1034 1577 1106 1671 ejus
1122 1603 1222 1672 opera

260 1691 390 1760 assidua
407 1714 505 1760 manu
521 1715 674 1774 versans,
699 1695 931 1763 socraticorum
957 1695 1073 1776 libros,
1099 1697 1132 1761 in
1150 1695 1222 1782 pri-

261 1802 387 1891 misque
405 1804 600 1885 Aristotelis,
618 1807 741 1872 versari
761 1807 856 1874 :facile
875 1828 1068 1895 persuasum
1085 1807 1215 1874 habeas

303 1918 443 1986 Pmmum
457 1920 543 1988 enim
559 1919 641 1989 duas
660 1920 833 2008 diligenter
852 1922 974 1990 excutit
991 1923 1050 1990 has
1069 1923 1224 2012 questio-

262 2050 336 2098 nes:
358 2052 398 2097 an
413 2032 475 2113 sit,
496 2033 601 2121 qualis
619 2033 661 2100 sit
684 2054 735 2102 ars
753 2031 889 2102 medica.

302 2141 460 2211 Medicina
469 2143 623 2232 quidem,
638 2145 699 2212 nisi
717 2166 795 2212 vere
808 2145 955 2226 exsistat,
970 2167 1022 2213 ars
1032 2146 1142 2213 vocari
1158 2168 1221 2213 non

260 2264 381 2342 potest.
402 2255 533 2323 sienim
548 2255 638 2344 quod
652 2255 783 2324 omnino
794 2259 860 2323 non
873 2256 915 2323 sit
927 2308 935 2336 ‚
946 2255 1041 2323 idem
1055 2277 1126 2324 esse
1143 2279 1224 2345 quo-

262 2367 337 2434 dam
352 2367 450 2435 modo
470 2367 594 2448 credie,
611 2369 789 2456 pugnantia
806 2369 953 2456 profecto
974 2367 1092 2436 credis.
1113 2371 1224 2458 Neque

262 2479 326 2548 ulla
348 2481 450 2546 forma
473 2488 542 2559 est,
560 2501 634 2568 quae
661 2480 785 2561 nonsit
808 2479 943 2567 alicujus
957 2480 1004 2546 rei
1024 2501 1103 2548 vere
1125 2481 1224 2547 exsis-

263 2591 374 2658 tentis.
387 2590 578 2660 Medicinam
594 2599 702 2664 autem
715 2585 794 2658 vere
809 2591 963 2658 exsistere
978 2591 1052 2680 quis
1064 2591 1226 2681 denegare

265 2703 517 2792 audeat‘lC‘ujus
537 2725 615 2790 ope,
635 2703 1027 2784 tortunaeanmedioinae,
1046 2713 1222 2783 sanantur,

265 2817 321 2903 qui
337 2813 523 2902 aegrotant‘l
546 2817 694 2883 Profecto
711 2837 776 2881 non
799 2816 939 2883 fortunae
955 2815 1008 2906 (l).
1028 2815 1124 2898 Quod
1141 2816 1226 2884 enim
1262 2903 1266 2908 s

265 2936 387 2998 temere
403 2929 459 2997 fiat
469 2935 484 3009 ,'
501 2929 581 2995 nihil
593 2951 731 3017 prorsus¹
745 2949 816 2996 esse
832 2936 972 2996 constat.
993 2926 1112 2997 Contra
1127 2933 1225 3017 vero,

265 3041 426 3132 quidquid
448 3042 503 3122 fit,
534 3041 566 3110 id
590 3042 726 3131 aliquae
747 3063 845 3110 eausa
860 3041 955 3123 oriri,
978 3041 1011 3110 id
1033 3043 1171 3131 aliquem
1188 3041 1229 3108 ad

266 3157 365 3226 finem
381 3158 467 3225 ultro
484 3157 633 3244 spectare
641 3178 702 3243 pro
719 3164 886 3244 comperto
896 3156 1017 3224 habere
1032 3163 1161 3243 oportet
1172 3153 1224 3244 (2).

267 3272 323 3337 Est
340 3269 437 3357 igitur
453 3267 665 3356 arsquaedam
680 3267 853 3336 medicina.
1113 3263 1115 3269 ’
1182 3283 1184 3286 ·

226 3397 228 3402 ’
312 3385 414 3464 Quam
427 3381 454 3448 si
471 3379 598 3448 definiri
612 3381 709 3459 velis,
723 3380 916 3448 medicinam
930 3401 1000 3449 eam
1018 3402 1089 3450 esse
1101 3379 1206 3450 dicam
1220 3433 1227 3460 ,

155 3525 158 3536 ¹
267 3495 495 3586 quaevalentes
507 3493 1180 3582 tueatur,amorbisaegrotantesvindicet,
1191 3494 1231 3560 ab

304 3822 338 3884 (t)
358 3822 394 3869 De
411 3823 485 3881 Arre,
500 3831 556 3873 sect.
578 3839 601 3882 r.
619 3838 643 3886 p.
662 3827 684 3874 3.

304 3910 339 3974 (2)
357 3910 432 3970 llic..
449 3925 473 3971 p.
498 3916 520 3965 t.
