2906 4658
288 893 368 974 Sed,
388 890 477 981 quod
493 891 593 957 multo
611 890 714 977 majus
734 896 800 968 est,
821 888 1034 974 Hippocrates
1049 880 1090 952 de
1106 883 1210 952 homi-

161 1070 164 1076 .
245 1026 322 1073 num
342 1004 410 1070 vita
437 1012 469 1071 et
496 1001 660 1079 moribus,
680 999 835 1068 debonis
855 999 954 1066 rebus
977 1005 1075 1088 atque
1098 995 1209 1091 malis,

245 1117 287 1184 de
301 1116 398 1183 variis
416 1108 533 1181 medici
553 1113 711 1201 cujusque
723 1111 854 1190 officiis,
875 1131 964 1176 more
980 1109 1157 1187 socratico,
1173 1115 1210 1174 ut

248 1230 310 1296 tert
329 1227 474 1305 occasio,
501 1225 632 1311 copiose
650 1223 797 1303 disserit,
819 1223 957 1289 obscura
970 1220 1139 1307 explanat,
1162 1217 1215 1284 in-

246 1339 419 1405 observata
428 1335 590 1424 praecipit.
602 1326 704 1423 quue
719 1335 786 1422 jam
801 1333 892 1399 facile
902 1340 993 1419 patet
1007 1353 1046 1398 ex
1061 1349 1216 1418 quorum=

247 1421 322 1516 daim
346 1449 502 1514 librorum
523 1447 647 1527 titulis,
675 1467 750 1511 cum
777 1445 808 1510 in
832 1445 879 1511 eis
902 1445 971 1531 ipse
997 1439 1211 1530 inscripserit:

248 1564 295 1628 ue
318 1564 437 1627 decenti
459 1563 588 1633 habito,
618 1570 676 1624 out
701 1561 831 1635 decoro;
853 1567 886 1623 et
907 1559 953 1623 Dc
978 1559 1086 1622 medici
1109 1557 1215 1644 officio.

251 1680 357 1762 Atque
371 1671 464 1740 multi
482 1671 533 1738 alii
558 1671 650 1751 libri,
674 1672 729 1760 qui
747 1680 842 1738 sunt:
862 1673 909 1737 De
924 1669 1021 1746 Arte,
1039 1672 1086 1758 Dc
1101 1679 1220 1734 acturo

249 1790 395 1860 hominis,
419 1785 614 1858 benedico,
639 1785 686 1850 lic
709 1787 814 1850 morbo
838 1806 942 1860 sacro,
962 1782 1073 1850 referti
1095 1791 1128 1848 et
1140 1800 1218 1872 ¹ver-

250 1897 349 1966 biset
367 1896 539 1964 sententiis
556 1894 686 1962 talibus.

295 2007 430 2075 Ceteris
448 2007 633 2074 hominibus
652 2008 759 2075 'multa
782 2017 859 2076 sunt
880 2009 985 2076 officia
1008 2029 1083 2098 erga
1099 2025 1221 2094 paren-

252 2129 322 2197 tes,
341 2125 396 2184 aut
410 2117 515 2197 cives,
539 2125 595 2184 aut
611 2118 777 2199 homines3
796 2117 855 2186 sed
880 2121 1002 2208 majora
1025 2118 1122 2185 etiam
1147 2135 1222 2182 me-

252 2229 334 2297 dicis
351 2227 602 2316 prescribenda
620 2250 697 2316 erga
714 2238 922 2317 aegrotantes
951 2232 1070 2296 Omnes
1092 2227 1224 2317 quidem

250 2341 400 2428 justum,
425 2359 583 2426 gravem,
617 2339 836 2427 prudentem,
868 2349 1138 2428 constantemque
1159 2339 1225 2404 ho-

254 2451 374 2517 minem
407 2449 599 2537 requirunt3
631 2451 826 2540 quicumque
859 2460 967 2519 autem
997 2451 1109 2518 morbo
1133 2451 1226 2518 labo-

256 2569 348 2641 rant,
367 2555 530 2627 medicum
537 2563 725 2650 justiorem,
738 2564 937 2651 graviorem,
959 2559 1225 2652 prudentiorem,

258 2674 524 2743 constantiorem.
545 2675 630 2756 Quid
649 2675 759 2743 enim‘?
780 2678 851 2759 Vir,
876 2678 931 2744 ubi
954 2686 1109 2766 aegrotat,
1127 2678 1227 2744 vitam

260 2787 475 2876 servandam3
495 2790 550 2857 ubi
581 2791 716 2873 mulier,
735 2792 896 2880 pudorem
919 2793 1016 2861 etiam
1034 2787 1140 2860 fidens
1158 2813 1230 2858 me-

260 2900 335 2968 dico
354 2902 537 2969 committit.
554 2903 602 2968 Sit
623 2903 721 2990 igitur
743 2905 937 2991 temperanti
957 2907 1081 2985 animo,
1103 2903 1229 2992 sibique

262 3031 393 3099 semper
415 3012 615 3082 moderetur.
641 3015 687 3081 Sit
713 3016 807 3082 bonis
830 3038 867 3083 ac
895 3016 1040 3084 honestis
1064 3016 1228 3091 moribus,

263 3143 394 3210 unaque
410 3125 601 3211 gravitatem
622 3145 697 3194 cum
716 3128 917 3196 humanitate
935 3131 1142 3217 conjunctam
1162 3145 1231 3212 prae

265 3233 410 3299 scierat.
429 3235 464 3300 ln
483 3227 569 3302 oinni
592 3237 670 3303 vitre
693 3238 931 3306 consuetudine
947 3248 1089 3308 mentem
1107 3231 1233 3323 aequam

269 3353 326 3411 aut
345 3353 470 3425 servet,
497 3356 552 3414 aut
576 3358 733 3435 praestet,
760 3361 825 3416 non
846 3372 961 3437 aspero
981 3351 1092 3429 vultu,
1112 3368 1153 3414 ne
1176 3325 1235 3414 su-

271 3455 392 3543 perbus
411 3456 579 3540 videatur,
599 3482 663 3526 non
685 3460 792 3541 hilari,
812 3483 853 3528 ne
869 3462 1024 3530 molestus
1041 3458 1095 3550 (t).
1260 3530 1270 3542 ,

314 3565 438 3636 Medico
457 3569 694 3657 agendumest,
717 3595 782 3640 non
798 3569 986 3641 dicendum.
1003 3575 1049 3640 Ne
1062 3572 1159 3660 igitur
1175 3571 1235 3638 sibi

270 3679 358 3768 vulgi
378 3679 575 3750 audientiam
601 3694 785 3772 comparet,
813 3696 865 3766 et,
890 3687 916 3752 si
946 3685 1018 3772 quis
1037 3686 1120 3752 forte
1139 3684 1240 3751 inter-

307 3917 342 3979 (1)
361 3917 397 3964 De
407 3917 512 3976 medico,
533 3920 548 3968 1.
569 3921 594 3977 Ι,
612 3933 635 3981 p.
654 3923 692 3968 19.
