2906 4658
601 413 759 490 415..

200 581 237 647 iis
253 589 361 650 autem
379 582 434 670 qui
448 583 535 649 nullo
549 583 764 652 modosnneri
780 599 919 676 possunt
936 595 1094 664 abstineat
1110 597 1163 691 (l).

243 695 377 761 Gaeteris
391 694 488 762 etiam
508 695 631 764 artibus
649 697 743 786 longe
752 710 888 786 praestat
902 706 1072 777 medicine.
1087 714 1166 780 Cum

197 815 308 874 sutem
341 806 489 894 plerique
519 805 720 875 medicorum
750 811 829 878 nihil
854 817 1053 902 quaesitum,
1089 823 1168 890 nihil

198 928 422 1007 perspectum,
447 918 525 985 nihil
543 919 649 987 animo
669 923 940 1009 comprehensum
955 939 1106 1014 teneant,
1126 957 1165 1003 eo
1208 949 1210 954 '

199 1029 288 1098 litut
308 1036 496 1115 contempta
518 1030 558 1096 ab
571 1031 722 1099 omnibus
744 1033 863 1120 jaceat.
884 1039 935 1105 Sin
954 1041 1083 1111 innoxia
1097 1047 1166 1114 cul-

197 1151 296 1229 patur
321 1140 500 1220 medisina,
531 1141 583 1208 ob·
598 1141 786 1212 fictitiorum
811 1145 982 1220 doctorum
1011 1156 1161 1243 eulpam,

197 1255 254 1342 qui
271 1254 466 1321 histrionum
482 1253 648 1335 simillimi,
665 1255 836 1328 medicinae
850 1281 1023 1346 personam
1041 1289 1111 1354 prae
1128 1291 1164 1336 se

199 1367 325 1455 ferunt,
348 1368 482 1432 formam
502 1374 610 1433 eutem
628 1367 759 1436 minime
785 1370 872 1439 intus
898 1373 1030 1444 habent.
1052 1379 1161 1468 Digni,

198 1501 250 1546 me
272 1478 406 1567 quidem
427 1477 558 1566 judice,
586 1479 733 1567 quinon
759 1489 885 1552 tantum
909 1488 1101 1574 ignominia,
1127 1503 1164 1562 ut
1264 1478 1267 1483 ’

198 1591 322 1672 solent,
340 1590 399 1658 sed
416 1612 513 1677 poene
529 1591 755 1682 supplicioque
770 1595 953 1684 affligantur
974 1599 1026 1692 (2)

220 1689 223 1696 ’
243 1706 313 1770 Non
329 1703 557 1770 enimwouilibet
570 1705 696 1774 medico
709 1707 781 1776 fieri
798 1731 989 1787 eoncessum
1004 1725 1070 1797 est,
1088 1741 1162 1789 eum

200 1816 333 1884 adeum
354 1815 559 1884 efficiendum
579 1840 635 1884 sex
657 1820 809 1908 quaedam
831 1825 962 1893 omnino
981 1835 1163 1902 necessaria

199 1929 425 2016 requirantur:
440 1937 556 1996 nutura
578 1930 718 2012 scilieet,
744 1955 809 2021 qun
827 1937 1050 2026 repugnente,
1073 1945 1164 2015 irrita

198 2048 276 2108 sunt
302 2039 429 2118 omnia,
458 2047 527 2106 tum
552 2041 630 2108 artis
654 2041 821 2126 doctrina,
844 2057 913 2117 tum
936 2051 1026 2122 locus
1045 2057 1163 2126 studiis

198 2161 314 2239 aptus,
334 2161 404 2219 tum
425 2150 538 2237 primis
564 2153 603 2218 ab
627 2155 720 2222 annis
744 2157 921 2241 institutio,
950 2162 1093 2254 denique
1112 2171 1162 2237 in-

198 2263 324 2331 dustria
344 2272 377 2330 et
399 2273 528 2351 tempus
545 2263 598 2354 (3).

242 2379 314 2456 Quo
334 2374 434 2442 modo
449 2377 535 2444 enim
555 2399 631 2466 quae
646 2386 733 2446 terra
745 2391 941 2469 gignuntur,
960 2387 1076 2456 eodem
1094 2414 1162 2461 me-

198 2486 281 2555 dieae
296 2487 375 2554 artis
389 2487 530 2575 cognitio
546 2510 581 2556 se
597 2481 717 2558 habere
732 2493 811 2558 mihi
824 2493 966 2564 videtur.
984 2501 1058 2588 Agri
1075 2505 1162 2572 enim

197 2608 308 2688 partes
319 2599 383 2688 agit
395 2607 529 2680 natura,
548 2599 696 2668 doctrina
712 2605 884 2673 seminum.
904 2610 1036 2677 Necnon
1049 2615 1163 2700 primis

198 2712 239 2778 ub
256 2712 349 2779 annis
364 2712 525 2778 institutio
538 2714 744 2800 tempestivee
760 2717 876 2783 sationi
897 2722 1095 2809 respondet3
1115 2728 1163 2794 lo-

198 2845 257 2890 cus
271 2845 350 2890 vero
362 2822 542 2910 disciplinae
558 2825 835 2908 accommodatus,
855 2831 920 2898 ueri
937 2834 1089 2902 ambienti
1102 2891 1111 2918 ,
1124 2861 1163 2906 ex

195 2958 262 3024 quo
294 2936 413 3024 plantis
437 2936 587 3002 omnibus
618 2939 764 3026 suppetit
795 2941 994 3012 alimentum.
1021 2948 1162 3037 Diligens

197 3045 342 3114 studium
354 3047 443 3114 velut
463 3046 614 3136 quaedam
632 3050 826 3136 agriculture
842 3063 902 3120 est.
930 3059 1090 3144 Tempore
1104 3060 1164 3128 de-

196 3159 296 3248 nique
322 3159 516 3248 adjuvante,
540 3162 648 3228 omnin
669 3163 760 3244 haee,
785 3187 886 3253 quum
906 3166 991 3235 inter
1007 3191 1160 3260 oampm,

196 3281 265 3341 turn
276 3272 365 3361 apud
381 3274 520 3354 animos,
540 3275 640 3362 magis
651 3272 693 3342 'ao
705 3278 806 3366 magis
822 3281 945 3368 nutrita
962 3298 1159 3372 augescunt,

197 3395 230 3452 et
247 3387 373 3454 exculte
392 3387 600 3455 efflorescunt
619 3387 671 3478 (l).

241 3499 280 3562 Ut
303 3497 399 3584 pauci
417 3519 528 3566 veram
553 3497 780 3586 adipiscuntur
801 3505 983 3590 seientiam,
1011 3511 1159 3600 plerique

229 3731 265 3798 (l)
284 3733 390 3783 DeArte
399 3771 408 3794 ,
426 3749 450 3797 p.
463 3739 487 3786 e.

230 3823 267 3886 (2)
285 3823 374 3884 Htpp„
397 3824 459 3883 Len,
479 3831 536 3873 sect.
556 3839 579 3882 1,
598 3838 621 3886 p.
643 3828 665 3872 2.

231 3914 265 3976 (ὃ)
284 3915 344 3964 leid.

230 4002 264 4064 (l)
285 4003 343 4052 ltin.
