2906 4658
654 395 824 451 ...2-

266 550 347 628 Quae
372 545 479 612 omnia
503 543 591 611 illum
619 541 820 610 medicorum
848 542 939 608 laorle
963 541 1167 629 principem,
1193 551 1230 598 ac

266 658 368 746 ipsius
377 654 548 723 medicinae
565 661 731 722 auctorem
743 662 776 721 et
790 661 959 742 parentem
975 651 1121 719 habitum
1132 644 1231 712 luisse

267 769 445 838 declarant.
463 771 576 856 Neque
598 764 751 855 indignus
767 767 828 834 luit
848 765 923 854 qui,
950 772 1087 852 propter
1105 776 1231 827 morum

267 891 300 950 et
316 881 496 970 disciplinas
508 879 714 969 gravitatem,
734 880 848 956 Scaeae,
862 877 997 966 propter
1012 875 1125 942 miram
1142 872 1232 958 inge-

269 993 313 1060 nii
330 993 450 1071 aciem,
469 1000 502 1059 et
518 990 682 1058 solertiam
697 991 870 1078 plusquam
887 989 1077 1066 humanam,
1097 987 1232 1051 Divinus

270 1106 499 1194 appellaretur.

314 1219 446 1285 Hunooe
462 1216 568 1282 virum
585 1214 673 1306 apud
694 1218 791 1294 Coos,
814 1214 1064 1302 Thessalosque,
1084 1209 1236 1298 Argivos-

271 1347 355 1417 que,
372 1327 653 1415 Atheniensesque
671 1325 873 1414 amplissimis
891 1325 1088 1393 cumulatum
1104 1318 1237 1387 honori-

270 1439 332 1506 bus
348 1437 408 1528 (l),
428 1459 541 1506 omnes
557 1439 645 1504 omni
662 1438 729 1504 fere
745 1445 893 1525 ternpore
911 1445 944 1504 et
959 1435 1078 1503 debitis
1092 1431 1235 1501 extulere

271 1549 438 1629 laudibus,
458 1557 490 1617 et
503 1549 613 1617 dehita
628 1550 798 1618 excoluere
808 1570 897 1616 cura.
919 1541 1048 1616 Plurimi
1064 1542 1236 1634 aliquando
1298 1564 1306 1576 ⁸

272 1663 425 1729 exstitere
452 1660 587 1741 medici,
615 1661 747 1728 minime
773 1660 905 1752 quidem
932 1658 1109 1746 contempti
1137 1655 1238 1746 (quos

276 1774 361 1840 inter
376 1772 471 1860 longe
487 1770 694 1839 doctissimus
717 1772 838 1839 eminet
859 1771 1036 1862 Galenus),
1056 1770 1112 1859 qui
1127 1769 1238 1856 legen-

222 1913 225 1919 ’
273 1865 341 1965 dis,
364 1883 626 1971 pertractandis,
645 1884 914 1973 excutiendisque
930 1871 1135 1972 Hippocratis
1150 1880 1239 1946 libris

273 1997 406 2063 multam
423 2016 556 2083 operam
574 1994 805 2083 impenderint.
823 1999 916 2064 Nunc
938 1997 1036 2064 etiam
1056 1992 1148 2063 multi
1164 2011 1240 2081 quta

273 2107 461 2194 scripserit,
487 2128 563 2195 quae
576 2107 760 2192 invenerit,
778 2129 854 2195 quae
873 2128 977 2195 usque
1002 2105 1042 2173 ad
1063 2104 1148 2171 hano
1165 2125 1242 2170 nos-
1323 2163 1328 2168 ,

275 2229 360 2286 tram
376 2215 508 2286 aet'atenr
528 2205 697 2285 immutata
714 2219 945 2301 transmiserit,
964 2228 997 2286 et
1012 2218 1182 2305 proferunt
1207 2224 1244 2292 ,et¹

169 2328 170 2332 ’
275 2330 437 2399 illustrant
463 2329 518 2420 (2).
544 2331 729 2419 Philosophi
760 2341 884 2412 autern,
912 2329 1011 2400 velut
1027 2329 1243 2419 philosophiae

275 2440 436 2519 alienum,
466 2441 552 2508 inter
575 2441 756 2542 narrandas
780 2450 929 2510 veterum
956 2441 1142 2520 doctrinas,
1168 2461 1243 2508 eum
1321 2501 1323 2512 .

173 2605 182 2618 .
276 2571 407 2639 semper
422 2560 455 2619 et
471 2553 604 2622 omnino
624 2555 794 2642 neglexere
814 2552 867 2644 (3).
888 2557 958 2636 Qua
977 2554 1010 2622 in
1026 2575 1063 2620 re
1080 2552 1208 2639 longius
1225 2573 1243 2617 a

312 2819 348 2882 (1)
366 2819 440 2883 Hipp.
452 2835 505 2884 pert.
519 2828 542 2868 ot
555 2820 616 2870 vita.

313 2906 351 2970 (2)
367 2907 437 2965 aaa,
456 2907 559 2970 ampli
573 2921 661 2966 onum,
683 2909 769 2957 afferre
780 2907 869 2958 licut:
883 2907 1052 2970 Hippocrates.
1073 2907 1184 2970 Operum
1195 2921 1248 2955 om-

279 2995 347 3062 pimn
362 3009 442 3058 moe
458 3003 481 3046 ct
498 2997 577 3046 latino
596 2998 725 3048 sattim
743 2998 840 3047 malt
856 2997 925 3049 oo.
947 2997 1052 3055 llaehn3
1071 2997 1149 3048 troi.
1168 2997 1246 3047 in-80.

278 3082 390 3146 turos
408 3085 556 3136 toas-mar.
567 3086 778 3150 -uppom
792 3087 912 3144 nemra,
925 3087 995 3151 «με,
1005 3095 1030 3138 a
1046 3087 1120 3144 on„
1131 3086 1191 3136 aare
1204 3086 1250 3134 rs·

200 3193 203 3197 ·
280 3175 377 3227 tarsen,
397 3171 474 3222 in·8⁰.
502 3173 661 3240 Hamhourg,
687 3178 760 3226 tata.
774 3177 960 3238 -apottomua
980 3175 1094 3225 citiori-tia
1109 3173 1201 3224 soom
1223 3173 1250 3222 in

282 3257 455 3336 Hippocratem
469 3270 492 3310 et
513 3263 632 3312 Galerium
647 3266 686 3315 ed.
705 3267 774 3318 ltu.
794 3266 874 3323 Dicta,
891 3265 968 3314 in-8·.
985 3265 1165 3330 ttoentgsoerg,
1176 3266 1249 3318 lidi·
1297 3327 1300 3332 ¹

280 3347 484 3408 -Htppomatea
495 3351 652 3414 Aplmrismi,
664 3362 687 3401 et
701 3353 887 3402 Proenotionum
898 3353 976 3410 liter,
990 3352 1048 3402 odit.
1062 3351 1137 3404 t.-0.
1151 3352 1181 3402 de
1192 3353 1253 3402 Ber·

281 3449 341 3497 8⁰⁰³
362 3436 435 3490 Μ’.
452 3439 562 3503 Leipzig,
581 3437 826 3502 toth-hentona,
848 3440 1001 3502 vtrqntdan
1015 3441 1129 3501 eximius,
1153 3441 1252 3499 hittre',

283 3525 366 3587 paucis
378 3525 466 3577 abhinc
475 3529 573 3595 diebus,
592 3531 674 3580 omnia
692 3530 844 3593 Hippocratis
860 3543 948 3592 opera,
970 3530 996 3580 in
1014 3537 1120 3580 nostram
1137 3530 1252 3580 translata

284 3612 410 3674 linguam,
424 3615 508 3665 edidit.

317 3701 352 3766 (3)
372 3704 470 3756 lluucoe
481 3705 588 3758 errorem
598 3706 787 3767 demonstravit,
800 3721 850 3758 nou
862 3715 944 3758 autam
952 3708 1090 3758 emendarit
1100 3705 1253 3770 Depimdo.
1332 3707 1335 3716 ’

282 3791 406 3840 -Audio
422 3793 453 3842 tt.
470 3794 586 3857 sprenret
606 3794 665 3844 olim
682 3795 804 3856 wopam
821 3795 912 3846 librum
928 3796 1075 3857 comeam:
1090 3795 1205 3858 Apoioqie
1226 3795 1255 3843 dc

226 3915 228 3924 ,
285 3879 388 3928 Socrate
406 3891 429 3929 et
446 3885 475 3931 ote
493 3899 530 3932 sea
544 3885 675 3948 principer.
694 3886 803 3951 Leipzig,
820 3890 972 3937 ttae-itta.
989 3889 1040 3948 Ego
1056 3893 1137 3936 aotam
1151 3885 1209 3948 qais
1225 3887 1257 3936 sit

282 3984 372 4020 umero.
