2906 4658
617 377 793 444 naas..

222 533 356 604 dentur.
377 536 516 609 Primum
528 538 779 604 ‘circumstantia
795 546 864 604 tum
884 537 986 620 oculis
1003 538 1185 618 cernimus,

221 655 290 714 tum
315 647 446 714 auribus
467 645 634 728 ειιιιὶίιιιιιε,ι
655 655 724 714 tum
757 647 889 720 naribus
909 648 1095 728 olfacimus,
1119 657 1189 716 turm

221 759 331 845 lingua
360 766 544 846 gustamus,
578 767 647 824 tum
675 761 814 844 corpore
843 767 912 836 toto
945 760 1105 846 tangimus
1123 759 1185 850 (t).

220 871 347 960 Deinde
355 893 404 939 eae
420 893 528 938 causae
538 879 615 938 sunt
625 893 685 939 cur
696 892 893 958 unoquoque
904 893 1059 940 sensuum
1076 893 1191 941 unam-

222 1003 384 1072 quamque
400 1003 509 1050 rerum
524 984 693 1070 propiores
715 984 909 1071 attingamus
928 1002 935 1047 :

237 1173 240 1180 ⁴
268 1094 316 1166 nd
332 1094 442 1162 oculos
460 1095 588 1162 venulae
609 1105 725 1168 tenues
743 1115 782 1161 ex
797 1094 951 1172 cerebro,
970 1115 1030 1180 per
1047 1095 1191 1180 ambiam

225 1216 289 1274 tem
305 1207 547 1286 membranam,
575 1205 829 1293 protenduntur.
853 1208 907 1274 Eae
925 1215 1033 1274 autem
1050 1207 1192 1294 purissi-
1299 1251 1301 1258 ,

224 1340 313 1386 mum
328 1317 502 1406 quemdam
527 1318 711 1396 humorem,
739 1340 804 1406 quo
825 1327 1016 1405 procreetur
1037 1327 1069 1385 et
1089 1320 1194 1388 alatur

225 1432 328 1511 visio,
346 1429 510 1501 deterunt.
537 1433 606 1498 Non
626 1432 686 1498 nisi
714 1432 746 1506 in
770 1432 822 1499 illo
847 1431 982 1498 humore
1001 1453 1115 1498 rerum
1131 1453 1193 1498 ex-

225 1565 347 1630 pressae
364 1545 491 1632 species
509 1554 679 1632 apparent.
701 1545 762 1624 Qui
781 1545 808 1610 si
826 1545 931 1632 aliqua
945 1543 987 1611 de
1004 1558 1101 1612 causa
1115 1553 1192 1611 tur-

226 1658 337 1737 betur,
353 1658 461 1724 statim
475 1658 600 1744 specics
625 1657 799 1732 turbantur
812 1666 846 1724 et
860 1645 953 1744 ipsae.
971 1659 1040 1725 lam
1058 1679 1122 1724 non
1136 1677 1191 1723 res

227 1767 414 1863 aspicimus,
430 1766 489 1835 sed
506 1766 619 1836 nescio
638 1787 719 1855 quas
737 1789 837 1835 vanas
849 1821 857 1847 ‚
871 1769 960 1834 velut
978 1768 1188 1846 avicularum,

227 1881 393 1968 imagines.
418 1879 513 1960 Quod
540 1881 571 1946 si·
592 1883 675 1948 forte
702 1881 842 1956 siccatus
865 1881 988 1957 avolet,
1013 1881 1080 1967 jam
1104 1881 1191 1946 nulla

225 2002 375 2080 superest
399 1990 533 2062 videndi
559 1999 705 2078 potestas
726 1991 779 2081 (2).
808 1992 941 2059 Necnon
962 1992 1082 2061 lumine
1109 2013 1191 2080 opus

226 2113 287 2170 est.
314 2105 434 2173 Verum
457 2102 528 2169 haec
551 2101 660 2168 omnia
677 2101 746 2187 ipse
763 2101 976 2187 Hippocrates
999 2101 1073 2170 alibi
1091 2102 1192 2170 iunius

227 2216 384 2303 explicat,
403 2215 490 2281 hunc
506 2213 538 2279 in
555 2211 707 2288 modum:

275 2354 290 2393 ιι
313 2331 390 2404 Earn
409 2328 459 2394 ob·
478 2345 606 2394 causam
627 2323 717 2390 videt
739 2321 885 2413 (bomo),
908 2318 996 2411 quod
1022 2345 1040 2390 a
1065 2327 1190 2393 cerebri

230 2465 245 2503 ιι
269 2439 456 2524 membrana
475 2457 559 2504 vena
578 2434 620 2503 ad
637 2444 810 2522 utrumque
827 2434 955 2502 oculum
975 2457 1035 2522 per
1050 2458 1089 2503 os
1110 2457 1193 2524 per-

230 2553 363 2621 «tinet.
394 2555 453 2618 Per
477 2551 536 2616 has
565 2548 646 2615 duas
677 2568 778 2614 venas
806 2568 845 2614 ex
871 2547 1032 2634 glutinosa
1065 2551 1190 2617 cerebri

231 2691 246 2729 «
269 2674 380 2754 parte,
399 2660 530 2750 id‘quod
546 2669 595 2728 est
607 2660 744 2732 manime
755 2668 870 2738 tenue,
888 2660 989 2727 veluti
1008 2681 1069 2747 por
1084 2663 1190 2728 colum

232 2804 247 2842 ι
271 2773 518 2853 transmittitur,
537 2783 635 2861 atque
652 2770 726 2846 ideo
743 2773 863 2846 circum
879 2774 1093 2852 satanicam,
1113 2796 1189 2862 quan

231 2917 246 2955 «
270 2892 336 2958 aeri
353 2891 561 2968 obversatur,
580 2897 613 2954 et
629 2885 781 2975 adquam
798 2885 889 2952 venti
906 2885 1077 2972 ingruunt,
1091 2890 1189 2956 talem

231 3028 246 3066 ι(
270 3003 346 3068 facit
364 3053 372 3079 ‚
393 3000 489 3087 quale
514 3007 563 3066 est
589 2999 693 3085 ipsum
721 2997 804 3072 oculi
830 2995 1050 3083 pellucidum,
1074 3001 1189 3069 eadem

231 3138 246 3176 (ι
270 3113 366 3201 plane
385 3111 532 3189 ratione,
554 3131 650 3198 quam
678 3107 869 3177 decantaris
895 3108 1012 3176 tunicis
1036 3110 1185 3182 diximus,
1290 3195 1292 3198 Ι

231 3251 246 3289 «
269 3229 351 3300 Sunt
371 3234 478 3291 autem
488 3223 600 3304 multae
617 3223 669 3288 bae
686 3221 826 3299 tunicae,
842 3241 917 3308 quae
932 3222 1016 3288 oculi
1025 3224 1188 3310 pellucido

152 3396 155 3401 .
233 3364 247 3402 r<
270 3335 543 3426 praetenduntur,
573 3336 699 3423 ipsique
711 3343 791 3404 sunt
804 3333 934 3404 similes.
954 3333 991 3401 In
1017 3332 1078 3402 hoc
1101 3341 1188 3408 enirn

232 3475 247 3514 o
268 3449 430 3538 pellucido
447 3450 556 3534 lumen
573 3455 606 3520 et
618 3445 793 3534 splendida
811 3453 929 3518 cuncta
947 3446 1052 3514 lucem
1070 3450 1190 3518 reflec-

231 3570 354 3644 «tunt.
380 3566 441 3629 Per
464 3561 527 3626 hoc
557 3560 668 3646 igitur,
704 3559 734 3624 in
764 3581 832 3647 quo
856 3559 964 3628 lumen
990 3565 1184 3651 reflectitur,

258 3772 295 3833 (t)¹
310 3776 347 3820 De
369 3773 446 3820 victus
470 3772 580 3828 ratione,
604 3778 660 3820 sect.
680 3785 721 3829 rr,
748 3785 770 3834 p.
795 3774 852 3824 366.
868 3799 898 3810 —
921 3773 956 3821 Dc
978 3776 1056 3838 officio
1083 3771 1186 3838 merlini,

226 3864 281 3908 sect.
299 3873 344 3916 ιιι,
360 3873 384 3921 p.
401 3861 456 3910 tto.

256 3950 289 4011 (2)
311 3949 455 4000 Detonsis
472 3949 582 4004 homine,
599 3955 655 3997 tect.
676 3961 711 4005 tv,
729 3961 752 4010 p.
774 3950 828 4000 2108.

1013 4045 1031 4106 5
