2906 4658
653 374 830 445 ,42-

262 539 431 615 babuerit,
459 537 643 626 aphysicis
665 537 847 623 accepisse,
871 533 1031 623 quidquid
1050 530 1157 601 au'tem
1177 557 1230 600 so-

263 653 440 729 craticum,
462 651 628 718 socraticis
651 646 850 716 tradidisse?
871 645 1016 734 Optime!
1040 652 1106 735 Age
1129 667 1228 727 vero,

264 763 402 849 primum
430 755 573 828 oninium
592 761 649 827 tibi
666 782 723 828 eos
740 781 853 827 omnes
870 760 968 826 libros
983 761 1038 848 qui
1055 759 1233 846 hippocra-

265 875 319 941 tici
351 873 461 942 vocari
494 875 618 960 solent,
654 893 732 939 vere
755 873 996 959 hippocraticos
1030 893 1122 948 esse,
1145 892 1233 938 oom-

265 983 471 1074 probandum
502 993 562 1050 est.
610 987 675 1048 Hoc
714 992 822 1050 autem
856 983 987 1050 minime
1030 983 1233 1070 comprobari
1293 989 1304 1012 '
1343 1071 1346 1078 .
1404 1041 1406 1048 .

265 1105 384 1183 potest.
1152 1172 1155 1176 ¹

312 1187 441 1275 Plurimi
471 1215 597 1285 tamen,
624 1229 685 1274 nec
715 1207 807 1293 parvi
831 1207 1006 1284 momenti,
1032 1206 1091 1292 ipsi
1109 1205 1237 1292 Hippo-

188 1395 189 1399 *
268 1321 348 1386 erati
367 1321 434 1385 iere
453 1318 493 1384 ab
510 1318 660 1384 omnibus
676 1339 743 1384 uno
758 1339 921 1384 consensu
941 1317 1140 1383 tribuuntur.
1160 1315 1233 1395 Qui,

268 1433 293 1498 si
311 1431 468 1498 nominari
489 1430 589 1507 velis,
607 1430 627 1494 ii
643 1439 720 1496 sunt
742 1427 782 1518 (1)
804 1449 810 1492 :

313 1548 358 1610 De
378 1557 497 1610 notura
522 1547 650 1608 bominis
669 1539 722 1632 (2).

293 1658 363 1722 ‘Dc
386 1678 471 1730 oerc,
492 1659 567 1720 locis
579 1665 608 1718 et
624 1658 727 1736 cquis,

313 1771 361 1833 'Do
381 1771 496 1832 morbis
515 1769 705 1850 vulneribus
725 1763 778 1854 (3).

313 1881 360 1944 De
376 1881 472 1966 officio
488 1879 608 1942 medici.
673 1868 675 1873 ’

315 1992 361 2056 Dc
381 1993 454 2054 locis
471 1994 504 2052 io
524 1992 652 2064 bomine,

315 2099 405 2167 nno
425 2099 476 2164 ani
498 2099 569 2164 non
586 2081 783 2186 aptasque
800 2108 965 2178 veterum,
993 2099 1105 2186 paucis
1122 2119 1243 2167 recen-

273 2215 365 2281 tioris
374 2213 481 2281 aetatis
492 2213 751 2300 repugnantibus
760 2263 774 2292 ,,
788 2213 841 2279 vel
852 2214 1039 2300 Hippocrati
1048 2266 1055 2293 ‚
1064 2194 1065 2197 Ἴ
1074 2215 1126 2280 vel
1136 2215 1243 2282 Thes-

273 2329 341 2395 salo
366 2337 398 2394 et
418 2327 555 2394 Draconi
579 2325 668 2404 filiis,
698 2327 750 2392 vel
767 2326 887 2417 Polybo
913 2348 1054 2416 genero,
1084 2350 1148 2395 non
1171 2329 1242 2395 sine

273 2438 432 2526 probabili
449 2459 545 2503 causa
563 2436 812 2518 adscribuntur,
833 2439 919 2526 iique
946 2439 990 2505 ita'
1014 2441 1167 2527 appellari
1185 2463 1244 2507 so-

275 2554 363 2619 lent:
1027 2557 1030 2561 “
1302 2527 1305 2533 “

229 2717 231 2722 .
320 2666 520 2750 Hippocratis
533 2667 774 2746 jusjurandum.

323 2781 369 2844 De
384 2780 532 2843 carnibus
549 2775 602 2866 (b).

323 2893 368 2955 De
392 2896 495 2956 victus
516 2895 647 2955 notione.

323 3006 369 3068 De
393 3007 532 3088 (lctibus.
669 2997 671 2999 ’
738 2982 770 2991 '¹

325 3119 510 3183 Donatum
528 3121 624 3201 puori
643 3113 697 3204 (5)

316 3339 351 3402 (1)
371 3340 417 3386 Eos
427 3339 507 3387 solum
518 3345 541 3386 et
550 3339 589 3386 hic
600 3346 624 3387 et
632 3339 695 3388 inira
705 3340 840 3399 referam,e
853 3342 943 3402 quibus
954 3343 1046 3404 aliquid
1061 3343 1251 3406 philosophicum

280 3443 412 3492 excerpere
424 3430 482 3478 mihi
494 3429 601 3490 contigit.

264 3527 267 3534 ·
317 3521 352 3584 (1)
370 3519 486 3568 Nonnulli
498 3519 628 3568 secundam
641 3519 716 3582 hujus
726 3519 780 3568 libri
791 3527 882 3582 partem
895 3529 937 3571 aut
948 3522 1053 3572 Thessali
1065 3523 1255 3586 autPolybiesse
1304 3580 1306 3584 .

285 3611 447 3674 suspicantur.

318 3701 354 3764 (ὃ)
373 3699 446 3751 Multi
462 3701 631 3750 tantummodo
649 3701 754 3762 primum
772 3707 796 3750 et
813 3701 912 3750 tertium
929 3703 1017 3751 librom
1037 3717 1081 3766 pro
1093 3687 1257 3768 hippocrenen

288 3791 386 3840 habent.
958 3833 962 3838 ,

320 3879 356 3941 (b)
375 3878 551 3928 Abtbristoteie
563 3878 654 3939 Polybo
666 3878 789 3928 tribuitur.
804 3879 867 3929 Hist.
891 3881 1009 3940 animat,
1031 3882 1047 3931 Ι.
1061 3884 1110 3941 111,
1124 3897 1145 3932 c.
1160 3897 1196 3932 nr.

320 3967 354 4030 (5)
373 3969 482 4015 Fortasse
494 3965 585 4027 Polybo
597 3966 778 4022 adscribendus.
