2906 4658
282 535 393 617 decet,
414 536 456 606 de
478 539 624 627 eorporis
638 550 672 608 et
686 540 786 608 animi
804 539 925 608 morbis
947 538 1093 620 fudisse:
1118 537 1245 606 tristo-

282 650 400 730 tatem,
427 671 502 721 cum
528 649 674 720 medicus
697 659 807 730 esset,
833 651 1007 720 nonnullos
1025 650 1068 718 de
1086 649 1245 720 niedio'ina

282 760 380 834 libros
390 763 523 834 forsitan
536 761 723 832 condidisse
733 761 774 854 (l)
784 782 795 845 3
805 763 962 851 plurimos
977 762 1245 850 deniquequum

282 874 370 962 apud
396 884 546 956 ueteres,
573 885 644 946 tum
664 875 753 965 apud
778 899 858 956 nos,
883 876 1055 946 medicina)
1078 873 1264 958 studuisse,

280 987 508 1076 philosophos,
526 989 740 1078 philosophie
758 989 914 1060 medicos.
937 989 1027 1060 nde>
1045 990 1117 1058 hoe
1135 995 1174 1056 et
1193 986 1246 1060 illa

280 1100 417 1170 naturali
427 1099 550 1172 loedere
566 1103 651 1170 inter
664 1124 701 1170 se
717 1099 977 1190 conjunguntur!
993 1119 994 1122 ’

290 1587 292 1592 ’
324 1583 519 1669 sapientiam
543 1583 640 1672 igitur
662 1605 756 1674 oque
776 1603 813 1651 ao
828 1581 1022 1650 medicinam
1040 1565 1145 1669 diligit
1159 1579 1243 1666 nep

279 1694 446 1781 poemtes,
458 1677 516 1779 et,
533 1719 593 1766 seu
606 1696 797 1775 scribendo,
816 1699 875 1764 seu
891 1693 1036 1784 agendo,
1054 1703 1247 1772 reveratum.

184 1881 186 1884 ,
280 1791 949 1899 αἰνεῖ-ειη]ὶηοοτωριαωᾳυόωρίεηῑίθω.
965 1805 1240 1894 Sophistasenim,

279 1921 403 1987 Socrati
428 1920 516 1989 naua
547 1902 1026 2009 assmns‚'unqoe0a10o
1052 1921 1244 2004 contemptu

279 2033 453 2102 animosius
475 2035 666 2123 insequitur.
696 2036 802 2114 Quos,
830 2054 956 2100 summo
976 2029 1086 2098 studio
1107 2029 1245 2095 insimu-

279 2145 366 2225 lans,
388 2168 514 2213 summo
531 2147 659 2235 ingenio
676 2144 840 2234 depingit,
860 2145 910 2211 his
929 2145 998 2210 iere
1012 2140 1141 2209 verbis:

327 2283 343 2324 a
366 2260 516 2328 Nonnulli
539 2261 680 2347 turpiter
703 2257 902 2326 insectandis
927 2256 1049 2323 artibus
1072 2252 1243 2322 artificium

284 2389 311 2435 «·
323 2393 417 2440 auum
434 2372 610 2451 collocant,
628 2391 735 2460 neque
750 2369 784 2438 id
802 2367 889 2458 quod
908 2370 1015 2436 lacere
1033 2388 1069 2434 se
1084 2364 1241 2445 eredunt,

284 2509 300 2548 a
324 2504 396 2551 meo
412 2483 545 2578 quidem
561 2483 701 2572 jndicio,
730 2483 898 2561 obtinent,
920 2479 980 2550 sed
1001 2502 1073 2548 suae
1096 2478 1244 2546 soientiae

284 2619 299 2658 a
323 2595 575 2662 ostentationem
598 2593 732 2662 iaciunt.

206 2706 208 2710 ’
329 2730 345 2770 a
369 2709 409 2772 nt
434 2727 547 2773 eorum
570 2704 708 2794 aliquid,
731 2727 807 2794 queo
829 2703 975 2772 nondum
997 2705 1130 2774 inventa
1147 2713 1243 2782 sunt,
1351 2759 1353 2762 .

285 2843 300 2880 a
325 2817 490 2897 invenire,
509 2815 664 2907 quodque
680 2818 859 2895 invenisse,
879 2838 977 2905 quam
1000 2837 1065 2882 non
1083 2811 1246 2888 invenisse

287 2953 302 2993 «
322 2930 532 3020 praestiterit,
558 2929 769 3016 similiterque
791 2928 981 3015 imperfecta
1005 2925 1045 2993 ad
1064 2926 1163 3007 finem
1182 2927 1248 2994 de-

286 3067 302 3107 «
325 3042 468 3123 ducere,
497 3043 530 3111 id
560 3043 637 3110 mihi
662 3041 794 3110 videtur
818 3041 902 3108 illius
930 3061 1001 3108 esse
1025 3063 1165 3123 munus,
1191 3045 1247 3131 qui

286 3180 303 3218 a
327 3156 509 3243 intelligens
527 3155 701 3222 existimari
716 3153 850 3242 expetit.
869 3153 930 3234 Qui
943 3175 1022 3219 vero
1037 3174 1093 3231 ea,
1114 3173 1190 3240 quae
1205 3153 1246 3218 ab

286 3293 301 3331 «
327 3267 395 3334 aliis
417 3277 494 3335 sunt
519 3267 671 3348 inventa,
697 3267 943 3334 inhonestorum
965 3265 1140 3351 verberum
1165 3264 1249 3331 arti-

286 3374 302 3444 e<
326 3379 426 3460 ficio,
461 3379 682 3446 contaminare
709 3377 902 3457 contendit,
936 3399 1042 3466 neque
1075 3376 1249 3476 quicquain

285 3521 304 3570 ,a
323 3494 478 3582 .eorrigit;
497 3491 556 3564 sed
574 3515 592 3560 a
611 3492 725 3580 peritis
739 3493 871 3560 inventa
886 3489 975 3578 apud
995 3490 1163 3578 imperitos
1178 3499 1251 3557 tm-

288 3634 303 3673 «
327 3607 435 3688 dueit,
455 3607 482 3674 is
497 3627 574 3673 sane
590 3603 774 3693 prudentiae
785 3604 1052 3671 existimationem
1065 3603 1149 3670 tueri
1166 3602 1249 3669 velle

279 3738 304 3785 ¹«
329 3744 393 3790 non
409 3717 560 3798 videtur,
583 3717 642 3786 sed
656 3718 766 3806 potius
784 3725 931 3785 naturam
957 3735 1068 3794 suem,
1092 3713 1249 3800 ignoran-
1296 3751 1312 3774 2

319 3992 354 4055 (l)
374 3991 689 4048 nointiio.111,t.1x,
713 4005 734 4038 c.
751 4005 772 4047 ι,
789 4003 811 4051 p.
829 3991 852 4037 3.
889 3985 894 3999 “
