2906 4658
624 386 764 442 ..3-

208 530 347 601 veritate
365 531 531 600 aberrasse
551 533 629 601 mihi
655 531 822 601 videntur.
845 533 901 600 Hst
926 535 1016 622 enim
1027 535 1179 624 quaedam

209 645 387 715 arctissima
402 645 596 733 sapientiam
610 645 696 712 iuter
716 655 749 714 et
769 643 964 714 medicinam
985 651 1124 719 societas
1145 660 1179 719 et

211 756 371 836 amicitia,
395 777 461 846 qua
485 755 522 824 fo
540 764 578 824 ut
598 777 731 845 semper
750 757 853 824 altera
871 757 994 847 aliquid
1015 760 1055 828 ab
1078 761 1180 830 altera

213 875 381 937 mutuetur
408 866 462 958 (ii.
490 868 737 956 amnestiam,
768 867 858 957 quod
885 854 927 938 ad
950 871 1182 960 Hippocratem
1230 877 1231 880 ’

213 979 350 1058 attinet,
368 987 405 1046 ut
422 979 519 1046 inter
531 977 676 1048 medicos
701 980 875 1062 maximus,
897 982 941 1048 ita
954 982 1049 1050 inter
1071 983 1184 1072 philo-

214 1091 337 1178 sophos
354 1114 422 1160 oon
437 1113 559 1182 paruus
580 1101 736 1180 apparet3
759 1114 901 1182 cumque
917 1095 1019 1163 multa
1036 1096 1077 1164 ab
1094 1098 1184 1164 anti-

217 1204 385 1291 quioribus
409 1205 590 1292 excogitata
622 1203 841 1286 deliberarit,
875 1208 976 1276 multa
999 1210 1183 1298 junioribus

217 1315 409 1404 expolienda
424 1316 616 1399 tradiderit,
636 1319 745 1386 nescio
763 1319 958 1407 quomodo,
979 1322 1185 1410 Hippocratis

217 1429 344 1498 omissis
358 1429 505 1517 scriptis,
525 1428 673 1518 ejusdem
685 1431 791 1497 aetatis
807 1430 974 1499 doctrinas
989 1454 1185 1520 pernoscere

217 1563 333 1629 possis.

273 2071 288 2110 «
311 2049 378 2112 Rex
395 2029 565 2113 Persarum
582 2067 641 2113 nos
661 2047 702 2114 ad
721 2069 756 2115 se
778 2051 928 2131 vocavit,
954 2051 1085 2118 nescius
1109 2047 1187 2116 mihi

222 2156 383 2244 potiorem
399 2177 470 2224 esse
487 2157 675 2246 sapientiae,
696 2181 793 2247 quam
813 2161 901 2242 auri,
922 2162 1081 2228 rationem
1098 2159 1185 2252 (bin
1254 2185 1255 2188 ¹

222 2273 299 2336 Haeo
315 2270 461 2337 scribens
481 2270 710 2359 Hippocrates,
738 2272 851 2362 quanti
873 2273 1066 2361 sapientiam
1089 2271 1185 2339 faciat
1248 2307 1250 2312 ·

222 2383 295 2448 luce
321 2381 438 2448 clarius
458 2381 614 2449 ostendit.
644 2385 713 2450 Non
737 2393 845 2452 autem
871 2385 903 2450 in
930 2406 968 2452 ea
993 2384 1188 2452 necessitate

222 2515 355 2573 sumus,
383 2501 420 2560 ut
448 2491 693 2574 ratiocinando,
723 2503 779 2561 aut
800 2491 978 2584 probabilia
1002 2495 1217 2584 conjectura¹

224 2603 410 2694 sequendo,
429 2605 527 2680 ,illum
542 2604 715 2673 medicinae
730 2602 857 2695 patrem
881 2614 914 2674 et
931 2607 1023 2697 quasi
1039 2599 1193 2695 procrea-

226 2726 346 2797 torem,
362 2717 501 2783 simulet
513 2717 731 2804 philosophiae
746 2739 844 2806 quam
857 2718 994 2785 maxime
1008 2716 1191 2785 studiosum

227 2829 325 2897 fuisse
347 2827 591 2897 concludamus.
618 2829 746 2917 Quippe
767 2829 823 2917 qui
846 2828 947 2896 fusius
972 2837 1005 2895 et
1031 2827 1193 2918 copiosius

226 2962 292 3030 quo
301 2953 335 3009 et
352 2950 474 3031 quanto
491 2941 656 3008 societatis
671 2941 820 3020 vinculo,
839 2950 909 3009 tum
924 2937 1101 3024 medicina,
1118 2962 1194 3032 quae

228 3052 381 3120 curandis
396 3054 604 3140 corporibuS,
622 3062 692 3120 tum
708 3053 887 3141 sapientia,
904 3074 980 3140 quae
996 3073 1196 3140 cognoscen-

146 3229 150 3237 ,
228 3162 279 3231 dis
291 3163 458 3231 hominum
468 3163 599 3243 animia,
619 3171 652 3230 et
665 3165 806 3231 Deorum
822 3163 1008 3246 numinibus
1019 3160 1192 3240 incumbit,

229 3277 314 3345 inter
330 3297 366 3344 se
382 3274 627 3356 devinciantur,
649 3277 693 3343 ita
707 3276 890 3363 aperuerit:

278 3413 293 3453 «
318 3379 542 3478 Quapropter,
562 3389 683 3477 inquit,
711 3386 871 3476 praedicta
893 3387 1019 3477 singula
1045 3383 1196 3478 colligere

234 3499 249 3564 u
273 3508 421 3589 oportet,
448 3510 481 3568 et
502 3502 693 3589 sapientiam
720 3498 762 3567 ad
782 3500 975 3568 medicinam
1001 3499 1195 3579 traducere,

263 3795 299 3858 (t)
318 3794 364 3844 ndi
376 3793 459 3842 careni
472 3792 562 3842 librum
574 3808 580 3841 ι
601 3791 673 3856 Quod
681 3792 787 3853 optimus
798 3790 905 3838 medicus
917 3791 991 3839 etiam
1000 3791 1165 3853 philosophus.

262 3882 298 3946 (2)
317 3882 398 3946 Epist.
420 3882 548 3940 Demean,
569 3888 628 3932 sect.
651 3896 713 3938 vrrr,
736 3894 759 3943 p.
775 3883 885 3930 12η.-
896 3880 1066 3944 Hippocratem
1078 3883 1203 3941 reserens,

232 3977 287 4020 utor
299 3971 326 4020 Α.
338 3970 422 4021 Faesio
430 3969 569 4032 interprete.
