2906 4658
662 382 838 452 ‚25-

270 574 285 610 «
310 547 412 612 nistro
436 540 617 609 ventriculo
646 560 666 604 a
691 546 807 604 natura
829 536 924 603 insita
951 543 1015 616 est,
1042 542 1075 600 et
1097 533 1229 621 reliquae
1329 521 1334 529 ⁵

272 683 287 722 «
312 656 427 724 animm
450 653 586 739 imperat
611 648 663 739 (l).
690 673 705 712 u

313 767 381 833 llio
402 773 511 831 autern
536 762 635 840 libro,
667 760 723 847 qui
749 767 799 826 est
823 759 870 825 lle
891 762 996 824 morlo
1019 779 1125 830 suero,
1149 753 1232 820 hano

269 875 416 946 eamdem
433 871 627 942 sententiam
642 870 818 938 acerrimus
837 870 907 956 ipse
925 868 1060 936 refellit:

317 1014 333 1052 «
357 993 396 1053 ht
421 997 543 1072 septum
568 994 780 1048 transversum
801 979 910 1070 (opem
933 979 1054 1046 Graecis
1085 974 1233 1063 dictum)

275 1127 290 1164 «
314 1110 438 1166 temere
455 1117 491 1163 ac
510 1093 643 1162 fortuito
664 1093 813 1160 sortitum
831 1113 949 1159 nomen
969 1089 1115 1168 videtur,
1144 1096 1177 1154 et
1199 1108 1238 1156 ex

276 1237 290 1274 «
315 1209 485 1287 instituto,
518 1226 583 1272 non
613 1225 766 1284 revera,
792 1225 899 1292 neque
928 1223 946 1269 a
970 1211 1097 1270 natura.
1122 1203 1234 1287 Neque

277 1347 292 1385 «
316 1341 394 1388 sane
410 1317 507 1386 video
521 1337 693 1406 quamnam
711 1317 776 1382 vim
792 1315 834 1382 ad
849 1314 1058 1402 prudentiam
1071 1322 1104 1382 et
1121 1313 1238 1380 intelli·

278 1459 292 1496 «
317 1431 458 1520 gentiam
474 1437 603 1517 septum
620 1436 843 1494 transversum
857 1427 992 1505 haheat,
1018 1436 1237 1512 praeterquam

278 1543 434 1630 «siquis
466 1563 506 1608 ex
534 1542 700 1627 insperato
722 1536 840 1626 gaudio
866 1547 921 1605 aut
947 1537 1078 1604 tristitia
1102 1537 1239 1617 affectus

278 1678 294 1716 «
319 1650 432 1730 fuerit,
458 1649 549 1727 salit,
567 1657 600 1716 et
620 1649 814 1716 anxietatem
830 1669 900 1736 prae
916 1647 1075 1715 tenuitate
1091 1647 1237 1734 exhibet,

279 1790 294 1826 «
319 1771 352 1830 et
367 1758 456 1848 quod
469 1761 501 1825 in
516 1781 654 1847 corpore
669 1761 882 1850 vehementer
898 1758 1113 1836 distenditur,
1133 1779 1240 1846 neque

273 1872 535 1966 «ventriculum
562 1873 680 1952 hahet,
710 1874 743 1940 in
777 1895 874 1961 quern
898 1873 1020 1940 honum
1046 1873 1098 1939 vel
1122 1872 1241 1940 malum

280 2014 295 2050 «
320 1988 469 2075 illapsum
486 1985 661 2071 suscipiat,
682 1983 742 2074 sed
759 1985 799 2051 ab
816 2005 929 2052 eorum
946 1994 1086 2073 utroque
1106 1991 1242 2072 propter

281 2125 296 2163 «
320 2099 462 2165 nativam
477 2097 728 2164 imbecillitatem
741 2098 965 2185 perturbatur.
985 2097 1151 2187 Siquidem
1163 2097 1243 2164 nihil

269 2236 299 2292 «
323 2210 436 2297 prius,
453 2230 551 2298 quam
569 2217 707 2287 caetera,
728 2229 803 2296 quae
819 2210 852 2275 in
867 2230 1004 2296 corpore
1018 2211 1133 2278 insunt
1142 2261 1153 2292 ,ι
1170 2230 1245 2276 sen-

283 2346 298 2385 «
322 2320 380 2398 tit,
399 2318 459 2387 sed
480 2321 600 2385 frustra
624 2317 686 2384 hoc
708 2340 826 2388 nomen
844 2328 1023 2387 etecusam
1040 2321 1159 2398 hahet,
1179 2340 1244 2385 non

284 2456 299 2492 «
324 2451 419 2508 secus
436 2450 487 2508 ac,
501 2450 576 2516 quae
587 2427 678 2512 cordi
689 2430 825 2497 annexae
836 2441 930 2511 sunt,
948 2453 1044 2500 aures
1054 2433 1241 2520 appellatae,

272 2534 298 2633 '«
315 2562 397 2636 'cum
420 2541 499 2606 nihil
515 2538 557 2607 ad
575 2539 776 2609 auditionem
796 2545 978 2610 conferant.

329 2678 344 2716 «
370 2650 507 2732 Quidam
524 2661 631 2718 autern
650 2674 709 2720 uos
734 2652 834 2721 corde
852 2654 1118 2742 saperedicunt,
1144 2653 1250 2744 quod-

287 2792 302 2828 «
327 2785 391 2853 que
414 2765 520 2851 ipsum
539 2765 703 2832 tristitiam
729 2775 761 2832 et
780 2788 891 2834 curam
910 2768 1021 2834 sentit.
1042 2770 1160 2838 Verum
1184 2789 1249 2834 non

288 2904 302 2939 «
328 2879 372 2942 ita
387 2898 439 2943 res
454 2877 617 2957 sehabet,
633 2876 691 2945 sed
707 2880 912 2946 contrahitur
923 2879 1054 2968 quidem
1068 2881 1157 2947 velut
1173 2901 1249 2966 sep-

289 3016 303 3052 «
329 2998 397 3056 tum
420 2997 661 3068 transversum,
689 2999 786 3078 atque
810 2991 907 3058 etiarn
929 2991 1029 3082 magis
1053 2989 1183 3076 easdem
1206 2991 1249 3058 oh

288 3128 303 3164 «
329 3122 453 3167 causas.
483 3103 528 3166 Ex
563 3110 632 3168 toto
664 3103 748 3168 enirn
780 3125 916 3190 corpore
948 3102 989 3170 ad
1016 3104 1121 3190 ipsum
1155 3123 1249 3170 venae

290 3238 305 3275 «
330 3208 487 3289 tendunt,
508 3212 636 3299 illicque
651 3213 865 3293 clauduntur,
889 3224 926 3281 ut
949 3215 1068 3283 sentiat
1091 3237 1165 3284 cum
1179 3215 1251 3302 quis

213 3351 217 3358 ‚
283 3347 305 3424 «
331 3320 444 3387 dolore
461 3330 515 3388 aut
531 3323 667 3390 molesto
687 3325 793 3412 aliquo
817 3346 916 3394 sensu
939 3319 1153 3394 contrahitur.
1176 3328 1255 3394 Cum

293 3417 319 3497 «
333 3433 418 3499 enirn
442 3433 622 3500 molestiam
646 3435 745 3502 sentit
770 3458 914 3523 corpus,
945 3438 1192 3518 inhorrescere,
1223 3446 1256 3508 ct
1333 3429 1338 3439 ’

292 3572 307 3608 «
332 3542 475 3611 distendi
501 3565 634 3612 necesse
656 3556 726 3627 est,
749 3547 900 3638 idemque
922 3550 1111 3638 contingere
1135 3550 1161 3616 si
1184 3549 1256 3638 quis

292 3683 307 3722 «
333 3678 458 3725 summo
475 3655 593 3744 gaudio
608 3659 777 3728 afficiatur.
797 3661 1012 3742 Quamobrem
1025 3661 1257 3750 corpraecipue

321 3858 356 3920 (l)
377 3859 423 3907 toi
439 3860 475 3907 De
488 3862 578 3909 ossium
596 3870 705 3920 natur«,
718 3863 760 3912 ubi
777 3863 907 3913 scribitur:
929 3877 980 3914 «ex
992 3865 1059 3914 omni
1071 3877 1174 3928 corpore
1187 3863 1259 3926 potis·

285 3945 373 3996 simum
390 3945 452 3996 circa
466 3948 588 3999 thoracem
606 3965 690 4001 sensus
708 3952 792 4001 inest»
810 3953 882 4015 (sect.
904 3967 949 4012 ru,
970 3967 994 4015 p.
1009 3955 1081 4016 280).
