2906 4658
622 376 799 442 ..35....

220 533 289 620 jam
307 534 466 604 sentimus
491 531 610 600 odores
629 533 681 622 (t).
706 553 727 596 ι·
746 537 785 598 nt
812 541 891 598 vero
916 531 1086 598 cerebrum
1102 529 1191 596 odo-

229 671 245 710 «
269 643 364 712 randi
390 646 576 732 facultatem
600 645 715 722 habet,
744 665 818 711 eum
845 641 1014 711 humidum
1039 644 1189 721 exsistat,

232 782 253 820 a
273 754 437 834 aridorum
447 755 583 824 odorem
598 778 674 823 eum
690 769 764 822 aere
777 775 856 841 ,per
874 754 1100 852 cartilaginosa
1116 775 1194 840 eor-

232 893 255 936 «,
270 889 461 955 pora,quae
485 868 570 962 sicca
592 878 686 947 sunt,
708 867 889 934 attrahens.
911 866 1193 933 Gerebrumenim

216 993 249 1045 ἰι
273 980 314 1048 ad
331 981 582 1052 nasicavitatem
593 979 951 1068 progreditur,hacque
967 979 1193 1068 partenuilum

233 1117 249 1156 t
273 1093 303 1160 ei
311 1091 559 1171 osobtenditur,
570 1091 629 1160 sed
641 1093 745 1164 mollis
760 1091 914 1179 cartilago
925 1091 1070 1180 spongiae
1080 1091 1193 1170 instar,

234 1228 250 1266 a
274 1213 370 1292 quam
383 1225 643 1292 nequeoarnem,
655 1202 1157 1293 neqneosappellarequeasffl).
1176 1225 1194 1266 n·

275 1315 371 1397 Quod
387 1317 554 1386 autemad
570 1317 713 1405 reliquos
723 1339 838 1384 sensus
856 1318 985 1397 attinet,
1004 1317 1082 1383 nihil
1099 1317 1198 1384 habet

193 1503 195 1508 ,
232 1427 445 1515 Hippocrates
478 1427 566 1516 quod
592 1429 707 1496 referri
733 1429 855 1517 possit,
890 1430 965 1512 nisi*
985 1429 1047 1496 hoe
1078 1441 1196 1508 unum,

231 1547 363 1626 gustum
373 1539 496 1606 scilieet
507 1541 616 1628 lingua
626 1541 686 1618 uti,
697 1547 819 1608 tactum
830 1543 968 1628 corpore
978 1540 1132 1608 universo
1142 1538 1195 1629 (3).

233 1651 312 1730 Qui,
328 1661 364 1718 ut
379 1652 749 1739 crassioraperoipiunt,
768 1653 812 1719 ita
830 1662 863 1719 et
874 1641 934 1740 ipsi
945 1650 1196 1740 ‘hebetiorestit

276 1876 326 1941 lx.
354 1877 846 1955 Quumautemoaeterisanimi
863 1879 1070 1946 facultatibus
1085 1899 1199 1944 vocem

234 1985 354 2066 edendi
372 1987 437 2054 vim
448 1987 728 2072 admoneraver'it,
746 1989 910 2076 aequatis
927 1991 986 2069 sit,
1008 1987 1096 2056 unde
1110 1990 1201 2076 prin'-

235 2097 354 2184 cipium
375 2097 495 2178 ducat,
513 2120 578 2186 qua
593 2101 645 2165 via
662 2101 747 2167 foras
764 2110 898 2188 pergat,
917 2102 1035 2190 quibus
1052 2111 1085 2168 et
1104 2121 1201 2188 quam

234 2211 373 2280 diversis
385 2212 532 2300 partibus
547 2212 758 2280 immoderate
774 2208 907 2300 profusa
924 2212 1065 2301 fingatur
1081 2221 1114 2280 et
1130 2222 1203 2279 terss

234 2323 392 2414 minetur,
412 2345 477 2390 non
494 2324 566 2390 sine
582 2323 676 2411 eopia
693 2333 726 2390 et
743 2324 902 2394 varietate
923 2323 1125 2412 quadamsic
1140 2345 1202 2390 err-

234 2436 357 2522 ponit:
603 2437 605 2440 ’
991 2439 993 2444 ’

284 2574 299 2612 «
324 2549 494 2618 Sermonis¹
521 2557 628 2617 autem
657 2550 689 2615 in
718 2548 860 2616 homine
877 2571 973 2617 causa
1008 2558 1079 2629 est,
1114 2547 1203 2637 quod

241 2686 256 2725 ιι
280 2670 384 2730 totum
405 2682 524 2749 corpus
543 2661 693 2748 spiritum
713 2663 798 2728 intro
818 2663 938 2742 trahit,
965 2682 1118 2750 eumque
1131 2661 1204 2749 plu-

241 2797 256 2836 «
280 2773 398 2840 rimam
407 2773 439 2839 in
457 2793 533 2840 suas
553 2773 693 2861 quisque
707 2774 876 2841 cavitates.
895 2777 925 2840 Is
942 2796 1021 2842 vero
1037 2795 1097 2862 per
1105 2774 1204 2840 inane

241 2909 256 2949 ι
281 2887 367 2952 ioras
382 2885 514 2972 pulsus,
529 2885 703 2972 strepitum
721 2886 808 2952 facit.
825 2889 930 2973 Caput
945 2888 1031 2954 enim
1050 2895 1202 2966 resonat,

228 3022 257 3060 a
280 2997 496 3084 lingua-vero
513 2997 545 3064 in
579 2997 960 3085 faucibusinterseptum
981 3021 1040 3067 suo
1066 2999 1206 3087 appulsu

241 3131 256 3171 ιι
282 3108 416 3186 format,
428 3116 460 3174 et
477 3106 518 3176 ad
527 3109 671 3196 palatum
689 3131 726 3176 ao
741 3109 1066 3198 dentesimpingenS,
1081 3111 1205 3178 ciarum

239 3246 255 3284 ιι
279 3218 400 3288 reddit.
420 3220 591 3301 Quodnisi
610 3223 719 3311 lingua
737 3246 797 3291 suo
823 3245 953 3312 semper
975 3225 1117 3312 appulsu
1136 3225 1207 3291 ior·
1239 3281 1242 3288 .

240 3356 256 3396 «
280 3343 400 3413 maret,
421 3356 486 3401 non
512 3334 667 3403 distinete
691 3337 787 3404 homo
813 3338 1023 3424 loqueretur,
1053 3336 1112 3404 sed
1137 3321 1208 3403 *sin-

241 3469 257 3508 ι(
280 3446 355 3532 guia
372 3467 469 3513 unam
486 3455 603 3515 natura
613 3469 727 3514 vocem
743 3446 891 3518 ederent.
915 3448 1014 3536 Cujus
1023 3449 1070 3516 rei
1088 3446 1207 3515 indicio

269 3669 304 3734 (1)
324 3669 360 3718 De
371 3671 430 3718 iocis
443 3672 468 3718 in
480 3670 575 3718 homine
587 3706 595 3728 ,
608 3677 667 3720 sect.
681 3685 721 3728 iv,
736 3685 759 3732 p.
775 3674 831 3723 ttss.

268 3759 304 3822 (2)
324 3761 360 3807 De
373 3761 504 3817 carnibus,
521 3766 578 3808 sect.
593 3773 638 3816 nr,
657 3773 680 3821 p.
696 3761 751 3807 252.

269 3847 304 3909 (³)
323 3849 449 3898 Devictus
465 3850 579 3907 ratione,
598 3856 654 3898 sect.
670 3863 710 3907 ιι,
729 3863 755 3910 p.
774 3851 829 3902 tto.

269 3935 303 4000 (t)
323 3938 399 3997 itta..
417 3952 441 4001 p.
455 3943 510 3990 ³5¹.
607 3938 610 3943 ’
