2906 4658
663 443 706 458 ..
731 411 772 478 ag
798 443 840 458 ..

266 575 384 645 nullius
398 591 470 641 esse
486 572 658 652 momenti,
678 571 739 638 nisi
758 571 797 648 ab
812 565 1010 657 amplissimo
1028 592 1090 638 usu
1108 571 1233 638 initium

265 685 380 755 ducat:
592 687 594 694 '
822 687 825 694 “
897 675 915 706 ”
978 701 981 708 ’

268 851 272 856 .
308 801 352 864 lla
375 805 425 864 est
449 797 536 863 enim
556 795 785 863 'ususutilitas
802 814 814 873 ,¹
837 795 1012 862 autetiam
1036 796 1233 876 necessitas,

266 911 464 996 Hippocrate
485 905 616 996 judice,
635 913 671 972 ut
687 904 850 974 medicum
865 927 941 993 quae
962 907 1089 986 centeri,
1113 908 1165 974 vel
1181 930 1237 975 ru-

265 1022 325 1090 des
341 1029 374 1088 et
397 1018 519 1107 ignari,
544 1026 600 1085 aut
616 1017 676 1104 ipsi
699 1016 862 1098 viderint,
890 1027 946 1086 aut
972 1019 1013 1084 ab
1031 1019 1100 1086 aliis
1118 1017 1236 1087 audie-

266 1135 349 1212 rint,
366 1139 517 1199 aocurate
528 1129 684 1196 sciscitari
694 1139 835 1198 moneat.
861 1155 877 1195 «
892 1132 1005 1219 Neque
1017 1152 1096 1198 vero
1104 1127 1233 1218 pigeat,

271 1259 350 1312 ¹«er
366 1242 502 1331 plebeiis
518 1240 696 1320 sciscitari,
715 1240 742 1306 si
760 1239 839 1329 quid
863 1240 904 1310 ad
920 1227 1060 1310 curandi
1078 1251 1239 1330 opportu-

270 1378 286 1418 «
311 1353 445 1420 nitatem
460 1352 610 1416 conferre
626 1348 789 1417 videatur.
817 1351 868 1417 Sic
887 1347 981 1418 'enim
998 1361 1117 1420 censeo
1133 1361 1236 1420 artem

270 1484 294 1530 c·
310 1465 495 1532 universam
507 1465 797 1545 “commonstratam
815 1463 930 1542 fuisse,
951 1462 1040 1552 quod
1055 1465 1181 1553 singula
1198 1485 1237 1532 ex
1280 1539 1283 1546 ,

271 1599 286 1639 «
310 1572 580 1652 fideobservata,
601 1584 633 1640 et
650 1570 692 1640 ad
703 1571 817 1641 eadem
828 1583 1000 1662 aggregata
1011 1576 1131 1643 luerint
1142 1575 1195 1666 (l).
1215 1601 1230 1640 o

726 1805 788 1917 u

300 2033 431 2099 Notum
458 2041 491 2098 et
516 2031 743 2119 pervulgatum
770 2039 820 2099 est
844 2013 1066 2113 nristotelem,
1087 2014 1237 2122 ‘quoties-

271 2164 411 2232 cumque
433 2164 516 2230 opus
540 2141 671 2230 aliquod
694 2143 904 2211 scribendum
930 2145 1085 2233 suscipit,
1102 2146 1170 2214 'seu
1195 2145 1237 2214 de

245 2269 247 2278 ’
269 2256 403 2323 summis
416 2271 528 2322 ¹rerum
544 2256 731 2343 principiis,
753 2255 868 2323 sende
886 2259 1010 2337 animo,
1031 2281 1092 2326 seu
1107 2257 1149 2327 de
1167 2280 1237 2326 mc-

267 2367 373 2446 ribus‚
403 2367 544 2457 primum
563 2364 643 2454 quid
654 2367 787 2454 'priores
811 2366 906 2434 dere
926 2368 1040 2437 eadem
1057 2378 1113 2437 aut
1129 2366 1241 2460 'scrip-

269 2481 393 2559 serint,
423 2489 479 2548 aut
506 2481 786 2568 excogitaverint,
815 2503 946 2551 narrare
966 2511 976 2564 ,¹
1007 2485 1237 2573 perpendere,

269 2595 440 2672 refellere,
466 2593 647 2680 approbare
663 2607 664 2610 ’
678 2595 819 2662 solitum.
856 2599 959 2676 Quam
986 2597 1238 2688 philosophandi

269 2705 429 2772 rationem
461 2705 637 2793 plerique,
668 2705 850 2793 praesertim
878 2708 940 2775 hac
970 2718 1082 2778 nostra
1112 2721 1236 2790 aetate,

271 2816 497 2896 multum,nec
514 2816 694 2897 immerite,
713 2817 951 2887 collaudavere.
964 2820 1124 2889 Plaudant
1142 2819 1241 2912 igitur

272 2936 305 2994 et
328 2928 552 3014 Hippocrati„
567 2922 652 3016 qui,
673 2930 741 2996 sive
765 2931 825 2996 toti
855 2930 1021 3000 incumbat
1045 2931 1237 3013 medicinae,

269 3037 339 3105 sive
365 3038 460 3104 alicui
484 3038 581 3126 hujus
610 3039 718 3125 parti,
746 3039 850 3128 qualis
876 3025 973 3108 antea
997 3064 1069 3111 sese
1090 3043 1240 3135 habuerit

271 3149 412 3236 prim'um
429 3159 607 3229 memorat,
633 3159 683 3229 et,
701 3151 727 3216 si
749 3173 826 3239 quae
842 3153 978 3221 feliciter
996 3156 1129 3224 inventa
1149 3157 1233 3235 sint,

269 3260 308 3324 ea‘
327 3259 601 3329 libenterrefert.
1016 3277 1018 3284 ·
1096 3282 1097 3288 ¹

314 3374 458 3439 Gaeteros
476 3373 561 3439 enim
579 3373 664 3440 inter
678 3374 776 3442 libros
793 3377 1020 3465 Hippocratis,
1042 3382 1093 3449 ille
1105 3379 1241 3450 maxime

269 3482 411 3564 eminet,
433 3485 596 3573 quem-Dc
609 3493 717 3572 prisco
736 3479 887 3558 medicina
908 3492 1067 3562 condidit.
1093 3497 1129 3563 ln
1152 3472 1238 3585 quc‘,
1317 3563 1320 3568 .

270 3598 632 3684 turcomanorum
651 3593 730 3668 artis
746 3602 886 3670 ¹medicae
905 3598 1063 3693 originem
1080 3609 1240 3677 curiosius

269 3718 451 3791 scrutatur,
472 3731 532 3779 neo
551 3721 735 3802 temporum
761 3715 910 3785 ordinem
926 3718 1112 3807 diligentius
1129 3723 1240 3811 sequi-

304 3935 340 3998 (l)
361 3935 552 4000 preceptiones,
566 3949 623 3992 sect.
638 3957 662 4001 r,
675 3957 698 4005 p.
715 3947 754 3993 26.
