2906 4658
621 347 729 419 ...325
755 383 797 396 ..-

226 528 240 567 u
252 524 454 591 p-oorpusaer
472 502 682 591 dispergitur,
695 505 728 570 in
739 503 876 571 cerebro
892 499 987 572 suum
1004 507 1192 598 relinquens

226 640 241 679 «
266 615 429 702 vigorem,
443 623 475 681 et
496 613 656 702 quidquid
672 613 785 682 habuit
800 613 989 702 prudentiae
1003 626 1036 684 et
1054 621 1185 690 mentis,

146 743 148 747 ·
226 751 242 790 u
266 725 407 806 Quodsi
425 727 564 814 primum
585 724 626 792 ed
648 734 768 812 corpus
791 723 982 808 deveniret,
1009 737 1191 818 posteaque

220 860 242 898 ¹«
267 834 309 902 ad
326 836 513 917 cerebrum,
532 836 645 905 relicto
663 837 695 902 in
718 837 870 904 carnibus
889 845 923 904 et
944 839 1037 906 venis
1049 837 1190 927 judium,

229 945 300 1028 «in
324 946 494 1024 cerebrum
522 946 652 1020 calidus
673 945 799 1026 adhue,
819 957 852 1013 et
874 947 1007 1016 minime
1025 949 1191 1031 sincerus,

226 1083 247 1122 n
270 1056 330 1124 sed
355 1057 500 1125 carnium
526 1067 565 1124 et
583 1058 749 1146 sanguinis
774 1059 901 1127 humori
934 1061 1113 1147 permixtus
1135 1086 1196 1131 su-

231 1192 246 1232 «
270 1167 372 1247 biret,
405 1166 610 1256 proindeque
642 1189 756 1256 neque„
782 1171 918 1257 amplius
946 1181 1059 1239 exacto
1091 1195 1194 1261 purus

222 1277 470 1367 ‚nessei(d).·»
526 1299 529 1306 ‘
1099 1297 1100 1300 ’
1136 1309 1138 1314 ·

242 1551 249 1588 ³
276 1549 327 1618 IV.
355 1552 436 1629 Quae
452 1568 552 1636 quum
570 1546 615 1614 ita
632 1548 716 1627 sint,
735 1529 841 1634 neque
855 1543 897 1614 de
914 1548 1010 1614 animi
1027 1546 1124 1628 sede,
1142 1549 1193 1630 et',

231 1669 267 1727 ut
285 1659 329 1726 ita
344 1657 465 1738 dicam,
480 1657 666 1738 domicilio,
686 1679 751 1726 una
770 1668 803 1725 et
828 1655 942 1726 eadem
966 1681 1096 1748 semper
1123 1682 1198 1728 sen-

230 1769 342 1836 tentia.
361 1769 489 1856 Quippe
507 1770 592 1836 enim
610 1770 636 1835 si
654 1770 795 1836 exterior
821 1771 973 1857 spiritus,
994 1771 1105 1838 innato
1125 1765 1198 1860 igne

231 1891 411 1960 attractus,
431 1902 487 1948 cor
506 1882 646 1968 primum
669 1903 729 1969 per
756 1884 906 1949 arteriam
935 1883 1037 1969 petit,
1058 1893 1112 1950 aut
1132 1885 1159 1948 si
1180 1904 1198 1950 e

225 1995 397 2082 'sanguinis
415 1995 569 2062 fluctibus
587 1995 722 2060 interior
741 1993 937 2072 extrahitur,
955 1995 1008 2061 hic
1029 1996 1126 2062 etiam
1144 1997 1199 2063 vi·
1233 2073 1239 2082 x

230 2115 303 2194 geat
319 2107 444 2174 animus
460 2115 602 2193 oportet.
625 2106 656 2172 Si
673 2114 805 2186 contra,
824 2102 901 2175 dum
918 2108 1050 2173 omnino
1063 2106 1198 2195 frigidus

229 2227 297 2296 estu
315 2218 424 2284 statim
447 2215 487 2283 ad
512 2217 682 2283 cerebrum
706 2237 766 2303 per
793 2237 888 2283 nares
911 2217 1096 2298 invehitur,
1117 2209 1196 2300 neo,

227 2329 291 2394 nisi
310 2326 450 2416 quodam
471 2328 654 2394 intermisso
675 2336 839 2414 tempore,
868 2326 909 2394 ad
931 2349 988 2394 eor
1005 2327 1196 2409 descendit,

232 2439 402 2506 cerebrum
418 2439 544 2505 animus
559 2446 670 2505 teneat
684 2445 717 2504 et
734 2435 874 2525 occupet
892 2443 1032 2507 necesse
1043 2450 1104 2508 est.
1124 2441 1202 2528 Hip-

231 2560 382 2638 pocrates
415 2559 523 2618 autem
558 2561 731 2639 utramque
759 2550 901 2616 vicissim
926 2551 1111 2638 opinionem
1145 2562 1201 2620 aut

233 2661 403 2730 confirmat
420 2669 475 2728 aut
492 2659 651 2728 defendit.
1093 2675 1096 2680 “

229 2786 253 2799 ”
276 2777 321 2841 Eo
337 2774 421 2840 enim
439 2774 531 2854 loco,
552 2773 607 2842 ubi
628 2772 736 2841 cordis
753 2782 902 2842 naturam
920 2783 952 2841 et
979 2775 1050 2863 ejus
1070 2776 1200 2842 ventri·
1289 2800 1291 2806 ·

227 2887 324 2954 dulos
339 2885 472 2953 uberius
493 2882 665 2952 describit:
692 2885 762 2951 «Hi
783 2892 879 2964 sunt,
902 2884 1027 2972 inquit,
1048 2886 1200 2952 humanae

240 3023 255 3062 «
281 3007 407 3065 naturae
421 3000 546 3077 fontes,
565 2998 707 3085 hincque
718 2997 851 3064 flumina
868 3006 1062 3076 excurrunt,
1081 2997 1200 3084 quibus

240 3136 255 3175 «
279 3109 426 3197 corporis
452 3110 564 3176 alveus
594 3108 756 3196 irrigatur.
791 3113 896 3195 Atque
918 3107 989 3191 haeo
1013 3109 1112 3174 vitam
1135 3109 1201 3175 ho—

212 3249 215 3254 ·
241 3247 256 3286 «
279 3220 356 3287 mini
374 3221 563 3298 conserunt,
582 3229 635 3299 et,
653 3220 679 3286 si
697 3219 854 3286 resicoata
870 3219 1009 3300 fuerint,
1028 3219 1124 3285 homo
1139 3241 1203 3307 pe·
1262 3295 1269 3306 ,

242 3355 257 3395 u
280 3332 322 3398 rit
342 3331 396 3422 (Ξ).
413 3356 429 3394 n
449 3328 547 3397 addit
563 3330 660 3398 etiam
674 3335 801 3398 vitalem
816 3336 916 3415 ipnem
934 3331 1018 3396 intra
1034 3331 1200 3400 sinistrum

143 3423 146 3430 ²
237 3441 453 3510 ventriculum
471 3442 643 3510 contineri.
664 3442 831 3529 Denique,
857 3442 954 3528 paulo
975 3443 1058 3508 inira
1073 3463 1111 3508 ea
1128 3461 1202 3530 quae

233 3555 299 3641 jam
320 3555 503 3623 notavimus
520 3553 619 3620 verba
639 3553 769 3620 scribit:
793 3578 809 3616 n
825 3555 915 3621 Mens
938 3551 1079 3622 humana
1099 3554 1131 3620 in
1153 3554 1202 3618 si—

270 3832 305 3894 (1)
325 3832 361 3880 De
371 3831 455 3880 morbo
466 3845 538 3879 sucro
549 3869 558 3893 ,
568 3836 625 3883 sect.
639 3829 691 3888 111,
705 3843 729 3891 p.
744 3831 800 3880 309.
853 3862 855 3866 .

270 3919 305 3983 (2)
325 3919 456 3977 Decorato,
475 3925 533 3969 sect.
552 3935 594 3978 ur,
608 3932 633 3980 p.
650 3921 706 3968 269.
800 3987 806 3996 .
