2906 4658
669 357 809 417 ..[ι..

255 486 327 584 «et
348 502 541 572 medicinam
559 501 602 570 ad
618 504 822 590 sapientiami
851 503 995 574 Medicus
1011 501 1097 571 enim
1115 501 1220 592 philo-

254 641 270 679 «
293 615 418 703 sophus
441 618 509 684 Deo
534 616 670 704 aequalis
694 616 855 704 habetur,
874 630 987 693 toton«,
1008 618 1094 684 Nam
1113 633 1232 704 nequet

254 729 429 796 «multum
447 728 533 802 inter
548 749 595 798 se.
610 726 786 808 differunt,
814 737 847 795 ct
862 747 938 816 quae
960 727 1001 794 ad
1025 729 1231 816 saptmttamz

253 829 272 906 ¹«
292 841 522 929 requiruntur,
552 841 594 908 in,
607 838 768 908 medicina
791 840 902 906 insunt
921 839 1046 922 omnia:
1064 841 1219 927 pecuniae

252 979 268 1016 «
291 953 509 1040 contempti0,
529 950 656 1038 pudor,
676 949 1075 1030 verec.undia,.modestia
1095 952 1127 1018 in
1143 969 1231 1020 ves-³

252 1088 268 1128 «
292 1065 376 1144 titu,
407 1064 618 1142 existimatio,
638 1062 819 1152 judicium,
849 1062 984 1142 lenitas,
1010 1063 1229 1142 occursatio„

253 1202 268 1240 «
293 1173 485 1254 mundities,
508 1174 744 1242 sententiarum
768 1173 926 1253 elocutio,
952 1173 1079 1242 utilium
1102 1195 1140 1242 ac
1157 1193 1216 1240 ne-

253 1313 269 1351 «
293 1287 505 1366 cessariarum
521 1286 554 1353 in
570 1286 638 1352 vita
652 1287 882 1374 purgationum
906 1286 1068 1374 cognitio,
1087 1285 1227 1354 carlum-1

156 1428 159 1432 ·
254 1427 269 1464 «
289 1421 359 1489 ¹que
376 1389 550 1479 liberatio,
583 1399 801 1487 superstitiosi
826 1401 967 1468 Deorum
992 1408 1099 1468 metus
1123 1419 1228 1467 aver*

254 1540 270 1579 «
293 1515 393 1593 satio,
418 1513 609 1601 praestantia
627 1511 738 1581 divina
742 1564 808 1579 .....

298 1651 314 1690 «
338 1628 503 1693 Hactenus
529 1625 626 1714 igitur
653 1645 727 1692 cum
751 1625 910 1713 sapientia
932 1625 1213 1705 communionem,

232 1763 270 1803 .«
294 1759 474 1826 eorumque
495 1737 592 1804 etiam
615 1737 754 1825 plurima
777 1737 876 1805 habet
897 1736 1055 1806 medicus.
1082 1741 1161 1806 Nam
1183 1747 1216 1807 et

255 1878 270 1916 «
294 1854 434 1919 Deorum
459 1850 677 1938 cognitionem
697 1850 766 1936 ipse
786 1848 989 1936 potissimum
1006 1850 1111 1916 animo
1129 1871 1218 1917 com·

255 1991 270 2029 «
294 1965 468 2052 plectitur,
488 1984 627 2052 cumque
648 1962 717 2029 aliis
737 1963 770 2029 in
787 1963 957 2031 affectibus
972 1973 1071 2053 atque
1088 1966 1215 2032 casibus

153 2143 158 2148 ,
256 2103 272 2141 «
296 2075 456 2144 medicina
480 2075 618 2142 multum
640 2076 726 2140 Deos
759 2075 866 2142 colere
894 2077 1117 2164 comperitur,
1148 2095 1216 2142 tum

257 2215 272 2254 «
295 2211 374 2256 vero
393 2188 458 2255 Diis
470 2186 588 2255 medici
600 2187 775 2274 plurimum
793 2187 990 2256 concedunt.
1007 2191 1118 2277 Neque
1130 2189 1216 2256 enim

257 2327 272 2365 «
297 2303 366 2389 ipsa
388 2319 664 2388 supervacaneam
688 2299 869 2386 potentiam
886 2300 947 2367 sibi
972 2309 1116 2390 arrogat,
1142 2322 1216 2369 cum

258 2438 273 2477 «
296 2410 457 2500 siquidem
474 2411 534 2498 ipsi
552 2411 652 2477 muita
678 2409 928 2498 aggrediuntur,
951 2413 983 2478 in
1006 2413 1115 2479 multis
1138 2414 1217 2479 uero

258 2547 274 2586 «
298 2521 338 2588 ab
355 2521 394 2586 iis
407 2529 615 2608 superantur.
636 2521 671 2586 ln
687 2521 807 2608 quibus
825 2530 932 2614 autem
952 2524 1113 2592 medicina
1123 2503 1217 2593 'nunc

258 2657 273 2696 «
296 2632 447 2719 superior
462 2631 597 2710 existat,
615 2631 691 2697 hinc
706 2633 912 2728 manifestum
928 2635 1001 2703 erit.
1021 2639 1100 2703 Nam
1117 2644 1150 2703 et
1166 2638 1219 2705 via

258 2769 273 2808 «
298 2745 368 2833 ejus
383 2742 534 2832 quaedam
559 2742 740 2812 secundum
759 2746 949 2834 sapientiam
973 2770 1008 2816 se
1034 2749 1131 2816 habet
1155 2750 1217 2817 hoc

258 2883 273 2922 «
297 2855 406 2924 modo.
432 2856 558 2922 Etenim
584 2856 644 2923 illis
663 2857 741 2944 ipsis
756 2857 864 2948 (quod
886 2869 994 2928 tamen
1011 2885 1076 2930 non
1102 2864 1219 2930 existi-

257 2994 273 3030 «
297 2966 406 3056 mant)
422 2989 482 3055 pro
498 2968 647 3034 confesso
665 2968 709 3035 ita
726 2991 761 3036 se
779 2970 899 3039 habere
917 2972 1121 3053 concedunt,
1143 2987 1218 3063 quat

258 3104 273 3142 «
298 3080 384 3146 circa
394 3100 533 3165 corpora
542 3080 722 3147 obveniunt
735 3133 742 3160 ,
757 3104 832 3170 quae
844 3106 922 3152 sane
931 3108 991 3174 per
1005 3095 1104 3153 totam
1116 3088 1217 3173 ipsam

258 3217 272 3254 «
296 3190 500 3278 procedunt,
529 3189 607 3257 dum
628 3194 919 3275 transformantur,
949 3205 1004 3263 aut
1025 3207 1220 3285 permutan-

258 3329 272 3365 «
298 3312 372 3382 tur,
389 3301 508 3389 partim
524 3300 658 3389 quidem
681 3325 741 3390 per
758 3326 874 3372 manus
890 3328 1023 3393 operam
1038 3318 1214 3389 sanantur,

257 3442 272 3478 «
296 3415 414 3503 partim
431 3434 511 3481 vero
525 3435 585 3501 per
606 3415 722 3482 auxilia
747 3425 802 3483 aut
823 3417 929 3485 victus
948 3419 1107 3487 rationem
1125 3443 1220 3490 oura-

257 3557 271 3594 «
297 3531 418 3597 tionem
434 3528 608 3615 accipiunt.
636 3530 839 3617 Praecipuum
863 3553 943 3622 vero
959 3535 1101 3602 omnium
1119 3545 1216 3623 caput

257 3671 271 3706 «
297 3651 362 3721 cst,
383 3649 419 3709 ut
436 3641 551 3707 horum
569 3641 708 3728 cognitio
730 3641 887 3712 habeatur
904 3643 957 3734 (t).
985 3672 1000 3708 n

286 3935 320 3997 (1)
342 3933 379 3984 De
391 3934 483 3982 decenti
499 3935 595 3996 tabita,
617 3945 658 3984 out
675 3941 781 3994 decoro,
798 3943 854 3986 sect.
869 3951 891 3994 ι,
914 3949 936 3997 p.
955 3939 995 3985 23.
