2906 4658
614 383 772 442 ...ss-.-

212 539 330 618 roget‚
362 529 610 616 simplicioribus
635 530 744 596 verbis
775 517 1003 618 respondeat,
1032 536 1180 602 veritatis

210 644 306 710 unice
324 663 445 709 amans.
457 643 589 730 Linguae
599 643 685 728 enim
696 643 844 729 potentia
856 645 934 711 artis
955 645 1180 734 impotentiam

213 755 329 843 arguit.
347 755 432 848 Noli,
454 775 587 843 quaeso,
608 756 717 823 lucum
733 756 867 835 imitari,
886 758 957 846 qui,
972 757 1051 827 dum
1068 761 1132 827 hue
1149 768 1181 828 et

214 868 287 935 ifluc
297 869 426 936 inanem
441 887 556 935 sonum
574 867 1004 950 circumvolitanseffundit‚
1024 872 1104 938 nihil
1115 873 1180 960 agit

200 979 304 1068 'quod
321 988 376 1047 aut
392 979 471 1059 sibi,
492 987 548 1046 aut
563 980 713 1068 cuiquam
728 979 886 1068 prodesse
901 982 1005 1069 possit
1022 981 1077 1076 (l).

260 1095 372 1181 Neque
398 1112 477 1158 sane
499 1091 690 1159 indecorum
711 1093 808 1159 fuerit
831 1095 858 1159 si
875 1094 1037 1176 medicus,
1064 1096 1096 1164 in
1124 1118 1186 1163 an-

187 1259 190 1264 .
217 1204 330 1293 gustiis
355 1203 442 1271 circa
465 1211 678 1291 aegrotantem
700 1205 837 1272 multum
862 1203 985 1294 diuque
1010 1215 1182 1288 versatuS,

218 1314 380 1384 medicum
398 1316 553 1395 alterum,
571 1336 645 1382 eum
670 1337 735 1403 quo
753 1314 796 1382 de
814 1318 970 1403 praesenti
993 1319 1188 1387 necessitate

220 1427 440 1518 disquiratur,
466 1429 586 1496 arcessi
606 1429 731 1517 jubeat.
755 1429 867 1497 Morbo
888 1430 974 1497 enim
1001 1441 1139 1520 urgente
1156 1441 1189 1499 et

222 1541 254 1606 in
277 1541 374 1607 boras
391 1541 661 1628 ingravescente,
697 1538 775 1606 dum
799 1558 886 1607 unus
910 1540 1056 1608 medicus
1086 1542 1190 1610 haeret

224 1650 360 1733 dubius,
381 1653 482 1719 multa
500 1651 597 1719 etiam
613 1661 860 1739 peropportuna
881 1653 1070 1734 elabuntur,
1093 1676 1187 1742 quae,

176 1811 178 1814 ψ
226 1764 253 1830 si
270 1765 380 1851 plures
398 1774 527 1843 essent,
541 1765 611 1830 'non
625 1764 845 1831 elaberentur.
866 1764 956 1831 absit
972 1765 1087 1852 igitur,
1107 1767 1190 1834 absit

224 1877 256 1942 in
273 1875 472 1958 advocandis
486 1877 540 1944 vel
555 1876 702 1963 plurimis
718 1875 844 1962 pudor,
864 1896 938 1944 cum
953 1878 1051 1945 etiam
1066 1877 1192 1970 doctis*

223 1988 295 2054 simi
321 1989 443 2076 quique
468 1988 521 2056 vel
544 1988 637 2075 plura
661 1989 830 2077 ignorent,
857 1997 890 2056 et
920 1989 953 2056 in
984 1987 1071 2056 omni
1099 1990 1193 2078 copia

190 2175 193 2182 Δ
225 2099 333 2186 inopia
349 2099 425 2165 insit
442 2096 503 2188 (ull

269 2215 439 2300 Nunquam
455 2220 564 2280 autem
574 2211 743 2300 exigendae
753 2210 914 2280 mercedis
930 2231 1018 2280 caeca
1033 2213 1195 2301 cupiditas

225 2335 259 2393 te
275 2325 424 2412 abripiat.
443 2324 475 2390 Si
494 2324 570 2412 qui,
588 2331 778 2411 postquam,
796 2332 829 2391 te
846 2332 1002 2404 curante,
1025 2325 1095 2392 sani
1113 2345 1194 2392 eva-⁴

227 2440 347 2519 serint,
366 2438 419 2505 vel
439 2437 570 2525 hospitii
592 2437 663 2526 jus,
690 2437 743 2504 vel
762 2438 870 2504 nescio
894 2458 991 2525 quam
1008 2419 1194 2506 necessitu-

141 2559 143 2563 ’
228 2551 337 2620 dinem
361 2557 612 2638 praeponentes,
640 2548 788 2616 debitum
814 2549 958 2616 retinent
984 2548 1145 2635 pretium,
1174 2549 1195 2614 ii

229 2671 420 2750 contemptu
442 2659 593 2748 quidem,
621 2673 686 2726 non
711 2667 819 2726 autem
842 2681 941 2747 poena
963 2657 1133 2746 puniendi.
1164 2659 1223 2725 Si·¹

230 2784 344 2844 contra
367 2783 399 2840 te
424 2781 517 2860 grato
537 2772 644 2838 animo
670 2780 938 2853 remunerentur,
964 2772 1137 2860 pecuniam
1153 2770 1195 2838 ad

232 2897 351 2966 artem,
366 2907 431 2952 non
448 2883 489 2950 ad
506 2883 777 2964 ostentationem,
793 2892 977 2951 convertas.
991 2882 1086 2964 Quod
1102 2884 1128 2949 si
1145 2884 1198 2950 vel

231 2997 373 3084 hospiti,
389 2995 442 3061 vel
455 2975 558 3082 egeno
574 3017 670 3082 opem
684 2994 841 3083 largiendi
859 2995 984 3062 occasio
1004 3017 1039 3061 se
1059 2996 1195 3073 offerat,

233 3108 284 3175 bis
306 3107 359 3174 vel
379 3105 514 3172 maxime
537 3105 795 3174 succurrendum
820 3113 881 3172 est.
905 3105 967 3184 Qui
985 3105 1070 3172 enim
1088 3105 1199 3171 homi-

233 3241 329 3300 num,
349 3219 376 3284 is
398 3237 528 3305 quoque
548 3216 627 3282 artis
641 3237 719 3283 vere
743 3223 886 3296 amator,
905 3225 936 3285 tv
952 3221 1002 3300 qap
1021 3233 1091 3302 παρῇ
1106 3229 1197 3300 φιλαν-

236 3335 352 3417 epulae,
371 3343 483 3415 πάρεστι
497 3345 538 3394 καὶ
554 3341 702 3414 φιλοτεχνίη
713 3327 772 3418 (3).

280 3445 360 3510 Cum
379 3443 476 3528 igitur
499 3440 571 3508 haec
586 3440 627 3508 ad
643 3437 895 3528 comparandam
918 3446 1113 3506 caeterorum
1136 3438 1200 3504 ho*
1219 3490 1222 3494 .

237 3558 358 3625 minum
389 3553 678 3634 existimationem,
707 3563 775 3620 tum
802 3552 834 3618 in
866 3551 1046 3639 sapientia,
1072 3561 1142 3617 tum
1167 3551 1198 3615 in

267 3788 304 3850 (1)
323 3783 513 3846 Promptiores,
533 3787 627 3837 sectr,
644 3794 668 3841 p.
690 3783 729 3828 28.

270 3875 304 3938 (a)
324 3874 399 3930 ltin..
418 3886 442 3934 p.
462 3873 501 3920 27.

272 3963 306 4026 (3)
327 3959 517 4022 Praeceprtoaes,
532 3964 589 4008 sect.
604 3971 632 4015 1,
650 3970 673 4020 p.
689 3959 727 4006 27.
