2906 4658
208 589 224 634 o
248 560 368 655 adepta
391 564 453 646 sit,
476 568 549 635 cum
573 567 732 635 sinceram
756 569 1089 657 contemperationem
1108 566 1167 640 hau
1248 644 1250 647 ,

209 679 365 771 obeant,
380 680 519 747 sanitate
537 681 683 768 corporis
700 689 734 748 et
746 680 921 770 prudentia
935 685 1057 752 valent.
1070 687 1169 773 ujus*

210 816 227 856 a
249 789 338 858 modi
357 789 482 858 animus
494 791 576 870 cito,
595 811 670 880 quaa
690 793 866 880 ingruunt,
886 795 1045 883 percipit,
1061 815 1168 883 neque

210 925 226 966 u
250 903 437 989 frequenter
453 899 495 968 ad
511 903 571 968 alia
586 923 621 970 ae
637 904 791 970 transfert
809 903 862 993 (i).

256 1037 272 1078 «
297 1011 393 1094 Quod
409 1013 437 1078 si
453 1011 560 1082 adhuc
575 1014 676 1101 magis
686 1035 781 1102 aquae
791 1015 840 1080 vis
851 1014 974 1104 abigne
984 1023 1170 1102 superetur,

211 1147 230 1189 a
251 1144 290 1192 eo
314 1124 491 1194 acutiorem
514 1123 646 1213 quidem
678 1126 819 1194 animum
850 1147 922 1194 esse
944 1147 1076 1195 necesse
1099 1136 1168 1206 cst,

197 1259 228 1300 1«
251 1255 317 1322 quo
333 1235 429 1302 citius
444 1242 614 1314 movetur,
634 1235 724 1303 etad
740 1236 942 1304 sensationes
960 1238 1097 1306 celerius
1116 1237 1171 1302 in-

212 1371 228 1410 «
252 1366 403 1425 currere,
420 1367 534 1414 verum
556 1346 665 1432 priore
688 1348 795 1415 minus
815 1347 979 1427 stabilem,
999 1346 1168 1434 quoniam,

213 1481 229 1521 «
253 1478 329 1546 quae
355 1456 493 1536 adsunt,
532 1456 709 1536 secedunt,
741 1467 774 1524 et
799 1458 831 1523 in
857 1458 1043 1544 pulmonem
1074 1456 1172 1523 celeri

214 1595 229 1654 a
254 1570 378 1658 impetu
394 1572 544 1640 seruntur
559 1569 615 1660 (2).
903 1648 905 1652 ¹

259 1707 275 1747 a
299 1682 394 1764 Quod
415 1684 442 1750 si
465 1682 573 1750 adhuc
596 1683 697 1772 magis
715 1702 799 1770 aqua
822 1683 956 1770 abigao
976 1690 1170 1769 superetur,

215 1819 231 1860 «
254 1793 414 1883 ejusmodi
430 1794 556 1863 animus
571 1792 666 1861 valde
683 1802 798 1861 acutus
813 1803 880 1873 est,
900 1789 1022 1882 eosque
1042 1793 1174 1861 somniis

216 1907 368 1996 «agitari
393 1927 526 1974 necesse
557 1915 618 1974 est.
646 1909 710 1972 Hos
741 1914 849 1975 autem
882 1905 1082 1973 subfuriosos
1112 1927 1176 1971 vo-

216 2045 232 2084 «
255 2028 387 2088 cant...
405 2017 638 2088 —Prudentis
660 2019 758 2106 igitur
783 2027 817 2086 et
839 2016 1055 2106 imprudentis
1078 2017 1175 2084 animi

216 2155 233 2196 u
256 2131 329 2198 hoec
342 2128 599 2216 contemperatio
611 2127 708 2196 oa'usa
725 2137 791 2205 est,
810 2128 900 2196 velut
919 2147 1003 2194 ame
1018 2127 1177 2214 scriptum

217 2267 233 2308 a
256 2250 324 2324 est3
347 2243 454 2310 vietus
473 2249 581 2308 tamen
602 2239 728 2307 ratione
754 2239 867 2305 melior
890 2247 923 2306 et
947 2237 1091 2307 deterior
1107 2237 1177 2306 fieri

217 2380 234 2422 a
257 2363 370 2443 potest·
385 2353 437 2444 (3).
465 2377 481 2417 n

257 2473 339 2552 Quae
353 2489 455 2557 quum
470 2467 515 2534 ita
529 2467 611 2545 sint,
632 2485 693 2533 neo
706 2464 792 2534 idem
809 2465 934 2533 animus
950 2465 1056 2532 inesse
1071 2459 1179 2552 potest
1242 2448 1246 2452 ¹

212 2590 246 2650 et
264 2581 343 2649 viris
358 2588 391 2648 et
405 2579 542 2648 feminis.
563 2578 622 2645 Alii
639 2576 744 2658 enim,
763 2597 900 2665 corpore
915 2576 1087 2655 siccioreS‚
1108 2578 1178 2642 sor-

213 2694 329 2762 tiorem
345 2712 497 2760 exercere
513 2691 635 2759 debent
658 2689 819 2769 animum3
848 2688 934 2767 aliae‚
959 2685 1173 2766 humidiores,

213 2803 396 2892 segniorem
410 2802 464 2893 (i).
484 2805 597 2892 Neque
614 2804 712 2870 etiam
726 2801 814 2888 apud
833 2821 996 2889 quemque
1013 2800 1176 2867 hominem

214 2923 402 2982 constanter
424 2912 539 2981 eodem
566 2911 664 2980 modo
684 2933 719 2979 se
743 2912 853 2979 habet.
879 2914 919 2978 Ut
942 2932 1037 2979 suum
1059 2911 1178 2998 cuique

216 3027 303 3095 aetati
320 3049 455 3114 corpur,
474 3027 519 3092 ita
535 3049 614 3094 suus
638 3026 765 3093 animus
779 3023 834 3115 (ὃ).
854 3027 920 3091 Nec
943 3023 993 3092 sui
1014 3024 1114 3111 ipsius
1135 3023 1180 3089 si-

215 3140 298 3207 milis
313 3150 441 3208 constat
457 3140 579 3229 ubique
598 3149 770 3207 terrarum.
793 3140 900 3219 Quum
922 3137 1027 3216 enim,
1054 3145 1180 3204 mutato

216 3252 307 3332 loco,
324 3261 470 3322 mutetur
487 3274 628 3339 corpus,
648 3273 712 3318 non
730 3259 840 3338 potest
859 3271 924 3316 non
946 3249 1044 3316 'simul
1061 3249 1178 3317 mutari
1286 3332 1287 3335 Ἴ

216 3372 249 3431 et
265 3362 400 3432 animus.
421 3368 507 3450 nge,
526 3364 639 3431 confer
654 3363 760 3428 Asiam
777 3371 809 3428 et
825 3363 998 3448 Europam.
1018 3361 1079 3441 Qui
1092 3360 1177 3462 iliam
1236 3357 1238 3362 ’

250 3640 287 3703 (ί)
305 3639 342 3690 Dc
359 3639 557 3698 victurorum,
577 3653 599 3702 p.
620 3641 677 3688 552.

251 3729 288 3792 (2)
305 3729 366 3780 Itid.

250 3818 286 3882 (3)
305 3817 386 3876 rore,
401 3829 425 3880 p.
439 3821 506 3875 ³52,
527 3819 584 3867 253.

252 3907 288 3971 (t)
309 3907 388 3966 loru,
405 3921 429 3971 p.
448 3909 505 3958 350.

252 3997 288 4059 (5)
305 3996 366 4046 loiri.
