2906 4658
617 413 660 423 -
686 345 787 443 49μῖ

224 538 296 612 tur,
317 547 377 598 nec
397 532 556 620 majorum
578 532 714 602 nomina
730 529 914 619 ‚religiosius
931 530 1062 598 exhibet
1081 551 1118 598 ac
1134 552 1193 618 re-

223 652 368 720 ueretur.
395 647 534 724 Verum,
562 642 781 732 quodmulto
808 642 921 730 majus
939 651 1010 722 est,
1035 640 1193 730 quasdam

225 765 374 838 veterum
390 755 613 831 doctrinasde.
623 757 810 825 morborum
824 755 930 824 causis
942 799 958 836 ‚=
968 754 1010 823 de
1021 754 1190 835 remediis,

226 868 343 948 clarius
360 867 498 956 repetit,
514 867 661 960 callidius
670 867 811 958 excutit,
831 866 1030 954 probabilius
1046 867 1190 953 corrigit.

225 982 291 1059 lta,
302 978 470 1068 :quidquid
487 980 578 1066 parvi
596 982 712 1068 refert,
732 980 864 1068 negligit
879 1001 981 1047 morae
997 980 1191 1066 impatiens,

226 1092 401 1182 quidquid,
420 1095 552 1182 magni,
586 1102 731 1161 ostentat
763 1093 934 1160 medicinae
969 1092 1192 1161 amicissimus

228 1205 400 1273 Aristotele
413 1213 517 1276 certe.
528 1206 744 1285 contractior,
774 1207 858 1272 torte
884 1227 949 1278 non
975 1205 1091 1272 minor..

233 1390 237 1394 ,
273 1319 384 1405 Neque
392 1317 540 1405 pristiuae
549 1316 720 1384 medicinae
732 1316 821 1405 apud
830 1317 910 1384 alios
920 1316 1019 1384 libros
1027 1317 1194 1383 immemo-

216 1407 299 1503 ‘rem
317 1449 390 1504 esse
407 1428 637 1515 Hippocratem
662 1427 719 1494 tibi
737 1428 771 1494 in
788 1429 931 1495 animum
944 1427 1092 1494 inducas
1112 1426 1198 1506 Quid

230 1540 316 1607 enim
331 1541 459 1628 priores
473 1540 704 1628 quaesiverint,
729 1539 809 1628 quid
827 1540 1029 1618 invenerint,
1049 1558 1196 1626 semper,

230 1651 371 1740 ubique,
404 1674 524 1721 secum,
544 1661 686 1739 reputat.
712 1652 807 1733 Quod
827 1653 943 1735 etiam,
971 1673 1012 1720 ne
1039 1652 1199 1740 legentem

231 1759 347 1846 lateat,
367 1765 436 1852 ipse
449 1785 514 1831 non
528 1763 629 1830 semel
644 1761 799 1842 declarat.
818 1764 870 1830 Sic
886 1763 971 1830 enim
988 1765 1200 1830 decernibus

230 1861 455 1952 tractaturum,
479 1913 522 1952 μ,
872 1935 875 1939 .

281 2010 298 2061 a
321 1986 479 2074 Equidem
499 1987 607 2056 adhuc
625 2008 730 2076 usque
756 1988 982 2056 communibus
1006 1988 1199 2065 sententiis,

237 2122 253 2163 (ι
266 2105 346 2165 «ιιιιιι
363 2118 476 2176 eorum
493 2101 548 2190 qui
569 2108 645 2168 ante
661 2121 713 2167 me
732 2101 881 2181 fuerunt,
901 2101 1083 2169 tumeliam
1100 2101 1200 2184 meis,

237 2235 253 2288 <t
266 2233 356 2288 ,usus
372 2233 457 2287 sum.
478 2215 616 2282 Necesse
640 2212 726 2280 enim
745 2221 815 2291 est,
849 2233 942 2293 eum,
971 2213 1026 2301 qui
1052 2213 1136 2280 hanc
1161 2212 1203 2280 de

236 2348 252 2388 u
276 2332 347 2390 arte
370 2323 497 2391 medica
520 2325 748 2392 tractationem
775 2325 942 2412 suscipere
966 2325 1074 2406 volet,
1110 2305 1223 2393 com--

237 2459 253 2499 «
277 2455 376 2514 mune
387 2435 559 2502 sententiis
575 2435 773 2524 principium
785 2435 979 2526 peuerell).
1006 2461 1021 2500 »

242 2593 244 2626 ;
277 2547 329 2613 Sic
344 2549 391 2614 De
407 2552 512 2614 victus
529 2553 670 2620 ratione:
726 2611 727 2616 ,
771 2591 772 2596 1

282 2682 298 2721 «
322 2657 362 2742 Si
377 2657 452 2746 quis
472 2678 510 2724 ex
525 2657 594 2738 his,
613 2658 669 2746 qui
688 2665 785 2724 antea
803 2656 845 2725 de
861 2658 1000 2726 hominis
1019 2658 1127 2725 victus
1144 2679 1202 2740 ra-

238 2771 388 2862 «tione,
420 2792 496 2860 quae
527 2769 571 2841 ad
599 2771 772 2848 sanitatem
794 2779 941 2858 spectat,
978 2762 1201 2859 scripserunt,

240 2883 388 2966 «omnia
404 2883 436 2948 in
456 2891 561 2950 totum
578 2891 668 2952 recte
687 2883 902 2972 cognovisse,
914 2891 947 2950 et
963 2890 1121 2972 quantum
1128 2883 1206 2951 shu-

239 3022 255 3062 «
278 3018 394 3064 manus
412 2997 726 3083 animuscomplecti
741 3003 870 3082 potest,
897 2996 1027 3084 scriptis
1050 3017 1206 3082 compre-

238 3107 433 3175 «hendisse
455 3107 533 3174 mihi
564 3106 750 3189 videretur,
780 3109 859 3175 satis
889 3129 960 3175 esse
985 3117 1153 3196 putarem,
1179 3130 1206 3174 si

237 3244 253 3283 «ι
276 3219 413 3286 aliorum
430 3219 576 3306 labores,
594 3241 678 3308 quos
700 3229 790 3288 recte
808 3229 981 3307 susceptos
997 3241 1068 3288 esse
1090 3220 1206 3288 existi-

239 3357 255 3397 «
278 3353 421 3414 marem,
449 3333 491 3400 ad
517 3355 628 3402 eorum
650 3335 811 3423 cujusque
827 3335 1000 3402 utilitatem
1016 3355 1204 3402 accommo-

239 3468 254 3508 «
279 3443 402 3512 darem.
429 3449 569 3513 atvero
594 3468 668 3514 cum
692 3447 784 3516 multi
798 3446 866 3535 jam
882 3467 920 3514 ea
945 3445 1040 3515 dere
1057 3447 1205 3534 scripse-
1249 3491 1252 3497 ·

237 3583 253 3624 u
276 3559 363 3640 rint,
382 3559 490 3640 nullus
506 3543 633 3640 tamen,
655 3559 734 3648 quid
746 3558 956 3628 scribendum
974 3560 1092 3640 fuerit,
1111 3567 1201 3627 reete

236 3695 253 3736 (ι
276 3671 354 3740 mihi
371 3671 500 3739 novisse
514 3671 656 3739 ridetur.
678 3671 737 3738 alii
748 3670 884 3768 quidem
899 3671 991 3746 aliud,
1007 3673 1202 3760 attigerunt,

263 4019 298 4084 (t)
318 4021 507 4083 Praeceptum,
524 4026 581 4070 sect.
600 4033 642 4078 ιιι,
662 4031 685 4080 p.
706 4019 772 4078 am,
792 4017 850 4070 tlt..
