2906 4658
604 397 743 455 ...7-

195 548 355 625 «tiamve
383 552 541 620 malitiose
567 548 720 637 prodere.
748 548 829 616 Solis
849 549 1017 616 enimvero
1041 553 1158 620 artium

196 695 213 735 n
234 669 354 758 ignaris
371 667 434 733 hoc
450 685 533 752 opus
542 661 700 749 competit
709 703 720 741 ¹,
739 662 794 750 qui
811 661 1011 732 ambitiosius
1028 663 1161 752 quidem

198 809 214 847 n
238 777 467 856 contendunt,
501 795 610 864 nequo
637 782 747 841 tamen
778 773 985 861 improbitate
1007 797 1066 844 sua
1097 779 1162 844 ullo

198 921 215 962 n
237 894 337 964 modo
351 900 509 981 prestare
520 896 676 978 possunt,
690 895 726 954 ut
741 887 876 954 aliorum
892 909 992 976 opera
1006 891 1058 956 vel
1073 900 1164 959 recta

200 1038 216 1076 «
239 1009 491 1086 calumnientur,
508 1004 562 1072 vel
578 1011 743 1070 nonnette
756 1001 1012 1089 reprehendant.
1027 1005 1091 1071 Eos
1106 1004 1166 1093 igi-

200 1149 216 1190 «
238 1133 315 1203 tur,
339 1121 395 1210 qui
418 1120 450 1185 in
468 1119 545 1186 alius
561 1124 648 1184 artes
670 1115 734 1182 hoc
748 1113 848 1181 modo
866 1113 1046 1194 invadunt,
1068 1135 1165 1184 cocr-

202 1261 217 1300 «
241 1243 352 1312 ceant,
370 1232 398 1298 si
414 1229 560 1318 possint,
580 1226 780 1315 quibusbaeo
792 1245 870 1292 cura
884 1235 957 1305 est,
976 1235 1010 1294 et
1025 1241 1164 1315 quorum

202 1371 218 1412 t<
242 1344 276 1412 id
292 1345 429 1410 interest
446 1339 501 1431 (l).
524 1363 540 1403 »
1041 1363 1044 1368 ·

176 1471 179 1478 '
240 1463 280 1526 llt
299 1458 361 1526 alio
378 1457 466 1524 loco:
926 1546 928 1550 .

247 1597 264 1636 «
288 1569 351 1652 Qui
366 1566 560 1656 sapientiam
575 1567 688 1644 istam,
706 1585 782 1653 quae
799 1564 831 1631 in
846 1565 924 1632 vitae
940 1565 1167 1636 communione

206 1711 221 1748 a
244 1691 413 1760 versatur,
439 1679 484 1747 ad
509 1679 609 1747 multa
633 1699 704 1746 esse
726 1679 838 1746 utilem
865 1679 1021 1767 allegant,
1045 1680 1065 1746 ii
1090 1681 1169 1750 mihi

207 1823 222 1862 a
247 1819 311 1863 non
331 1804 453 1862 temere
473 1795 581 1860 lacere
594 1791 760 1859 videntur.
780 1792 890 1860 Multae
906 1813 985 1860 vero
1007 1792 1047 1861 ad
1062 1795 1170 1862 ambi-

206 1933 222 1973 «
246 1909 361 1975 tiosam
376 1902 551 1993 quamdam
566 1915 699 1991 operam
714 1911 911 1990 comparatae
926 1902 1101 1984 videntur,
1120 1925 1169 1972 eae

207 2045 222 2083 n
245 2016 414 2096 videlicet,
434 2036 510 2103 quae
527 2013 569 2082 de
585 2015 671 2082 nulla
686 2036 722 2082 re
736 2015 806 2083 utili
819 2015 1018 2103 quaestiones
1032 2017 1166 2105 agitant.

251 2156 267 2194 n
291 2127 523 2196 adolescentes
540 2126 578 2193 iis
601 2125 733 2216 (vanam
750 2127 873 2194 scilicet
894 2128 1086 2215 sapientiam
1103 2128 1171 2197 fin-

208 2268 223 2307 «
247 2239 415 2330 gentibus)
443 2261 514 2307 sese
531 2239 760 2319 committunt3
779 2239 834 2306 ubi
855 2259 934 2306 vero
951 2238 1169 2321 adoleverint,

208 2381 223 2418 n
247 2374 317 2441 prae
332 2351 481 2439 pudore,
509 2372 623 2418 eorum
646 2359 859 2437 conspectum
875 2351 945 2424 sine
968 2351 1089 2420 sudore
1106 2351 1183 2424 non
1207 2367 1209 2372 '

102 2527 105 2534 .
209 2492 224 2532 u
247 2465 422 2534 sustinent.
442 2467 483 2529 at
500 2483 596 2529 senes
611 2461 738 2542 effecti,
758 2470 894 2550 propter
907 2464 1170 2547 amarulentiam,

209 2605 224 2644 u
248 2600 324 2657 eos,
350 2576 480 2664 publica
502 2575 608 2662 legum
634 2573 820 2654 sanctione,
841 2574 976 2644 urbibus
994 2577 1172 2664 expellunt.

209 2715 224 2754 «
247 2689 272 2758 Ii
290 2688 398 2767 enim,
427 2694 594 2770 conventu
614 2685 718 2762 lacto,
749 2683 918 2756 ambitiosa
935 2694 968 2752 et
988 2695 1176 2775 quaestuosa

210 2827 225 2866 «
250 2821 309 2867 sua
326 2797 529 2887 professione
552 2817 717 2885 quemque
741 2793 963 2884 decipientes,
988 2797 1021 2866 in
1047 2798 1177 2872 urbium

210 2911 380 2990 «circulis
403 2918 588 2978 versantur.
615 2911 704 2990 Quos
729 2917 762 2975 et
779 2909 901 2976 vestitu
923 2916 956 2975 et
973 2911 1101 2978 caeteris
1118 2934 1180 2979 or-

149 3027 151 3032 ’
211 3053 226 3093 «
250 3025 412 3094 namentis
425 3025 708 3120 quiscognoscere
722 3021 855 3118 poterit.
874 3023 1090 3115 Quinetiam,
1111 3047 1176 3113 quo

211 3165 226 3204 «
250 3137 475 3225 sumptuosius
492 3136 598 3202 ornati
624 3136 761 3216 baenint,
790 3143 829 3203 eo
848 3136 970 3224 majore
987 3135 1063 3204 odio
1079 3157 1178 3205 aver-

210 3277 228 3328 «.
250 3248 363 3330 sandi,
387 3239 419 3316 et
436 3248 477 3315 ab
502 3249 568 3328 eis,
592 3248 649 3336 qui
671 3270 729 3316 eos
747 3248 998 3336 conspexerint,
1017 3249 1174 3338 fugiendi.

255 3389 271 3424 n
295 3365 340 3429 Ex
358 3384 420 3429 usu
438 3369 546 3428 autem
563 3361 660 3428 luerit
674 3361 871 3428 contrarium
892 3361 924 3426 in
939 3360 990 3428 his
1009 3371 1176 3452 spectare,

212 3498 228 3537 «
252 3469 373 3560 quibus
400 3496 464 3541 non
486 3475 570 3543 inest
588 3477 768 3565 exquisitus
783 3497 890 3564 neque
913 3476 1061 3544 curiosus
1083 3498 1180 3544 orna-

212 3614 227 3652 «
252 3595 326 3666 tus,
352 3589 408 3676 qui
432 3610 505 3657 sese
530 3612 570 3658 ex
594 3592 700 3659 cultus
724 3598 898 3658 venustate
920 3598 953 3656 et
974 3591 1178 3680 frugalitate,

150 3771 153 3778 .
213 3723 228 3764 c
253 3719 320 3765 non
347 3708 413 3767 tam
446 3700 488 3768 ad
516 3704 713 3790 superlluam
734 3702 984 3782 curiositatem,
1018 3699 1181 3790 quemad

244 3989 281 4052 (l)
301 3991 337 4037 De
354 3993 433 4050 Arte,
451 4001 508 4043 sect.
530 4009 550 4051 r,
572 4009 594 4058 p.
615 3999 641 4053 2,
662 3999 686 4045 ³.
