2906 4658
422 878 556 987 cous
588 884 954 994 mrrcomrns
1125 867 1129 876 “

207 1270 212 1387 J
253 1278 416 1366 outms
443 1279 769 1366 unsaramma
798 1223 1130 1354 nultosoruos.

261 2194 367 2273 Quum
392 2193 520 2280 plurimi
548 2199 581 2258 et
607 2192 864 2258 excellentissimi
893 2195 925 2259 in
951 2196 1039 2260 omni
1064 2216 1182 2283 genere

175 2339 177 2342 v
215 2287 278 2372 ¹viri
299 2303 387 2391 apud
409 2311 538 2371 veteres
562 2303 638 2368 olim
659 2303 894 2382 inclaruerint,
920 2304 1078 2390 optlmum
1099 2304 1184 2371 inter

219 2416 359 2502 optimos
373 2419 474 2483 Coum
490 2416 721 2502 Hippocratem
738 2413 953 2482 adnumerare
972 2437 1037 2482 non
1054 2415 1184 2484 dubita-

218 2528 332 2614 verim.
353 2528 452 2616 Gujus
473 2527 520 2594 rei
542 2535 767 2614 argumentum
786 2527 812 2592 si
831 2527 913 2595 forte
930 2528 1095 2616 requiram
1119 2537 1200 2596 tes-.

219 2639 352 2706 timonia
377 2637 530 2727 equidem
555 2638 687 2704 afferam
713 2659 823 2705 earum
848 2639 991 2706 omnium
1016 2639 1184 2706 civitatum

217 2775 312 2842 qum,
331 2753 487 2830 saeviente
504 2753 649 2832 fortuna,
670 2772 763 2830 eum,
780 2749 869 2818 haud
884 2773 979 2819 secus
994 2773 1031 2819 ac
1048 2753 1185 2820 alterum

219 2865 435 2953 AEsculapium
456 2863 613 2951 adversus
629 2872 773 2951 pestem,
800 2864 936 2931 alterum
953 2865 1123 2932 Herculem
1144 2863 1212 2954 (ll

217 2959 378 3044 *adversus
393 2976 530 3045 belluam
539 3012 552 3062 ,¹
568 2976 715 3044 certatim
726 2975 891 3063 supplices
906 2975 1112 3042 arcessebant
1130 2975 1184 3066 (2).

219 3087 471 3180 Nec'voslugit
495 3085 585 3176 quod
610 3086 653 3153 de
675 3087 871 3174 Hippocrate
897 3093 1026 3154 mortuo
1050 3085 1186 3154 tradidit

97 3269 104 3284 ,
219 3200 347 3270 Graecia
359 3207 517 3282 μυθοποιόςτ
535 3201 657 3268 scilicet
672 3200 704 3266 in
728 3200 798 3289 ejus
822 3209 1033 3270 monumento
1053 3221 1187 3268 examen

223 3335 320 3403 apum
346 3313 447 3380 multo
472 3320 618 3401 tempore
642 3313 706 3379 mel
726 3312 923 3392 confecisse,
952 3335 1017 3401 quo
1045 3302 1190 3381 nutrices

183 3451 186 3456 ¹
224 3446 345 3513 pueros
366 3425 506 3492 infantes
531 3425 712 3505 illinerent‚
738 3432 771 3490 et
796 3421 909 3490 morbo
936 3425 1110 3492 liberarent
1134 3425 1186 3516 (3).

259 3714 293 3776 (l)
312 3713 350 3764 Ab
362 3713 465 3764 Hercule
477 3719 503 3763 et
514 3711 651 3774 AEuulapio
665 3711 745 3762 ortum
758 3713 853 3764 duxisse
869 3715 1024 3764 consentiunt
1037 3729 1128 3765 omues.
1145 3716 1191 3766 Adi

227 3803 386 3866 Hippocratis
396 3817 470 3865 penus
479 3812 501 3850 et
515 3802 583 3859 vila,
595 3815 624 3852 er
636 3802 741 3872 Sorano,
753 3803 811 3853 edit.
824 3805 851 3852 A.
867 3804 978 3862 Pnacium
988 3805 1104 3866 Genevae,
1119 3811 1191 3858 1657.

263 3893 298 3957 (2)
318 3891 377 3942 lbid.
390 3919 420 3929 -
432 3892 477 3941 Adi
495 3891 567 3941 etiam
584 3891 723 3954 Epistulas,
741 3899 797 3942 secl.
814 3907 865 3943 vnn

262 3984 296 4048 (ὃ)
317 3983 390 4045 Hipp.
410 3996 462 4046 pen.
480 3991 504 4029 c!
522 3983 581 4032 vila.
