2906 4658
702 463 741 478 ..
763 405 800 494 ἡ
821 463 860 478 ..

203 605 211 616 ‘
301 591 409 650 autem
433 584 465 648 in
489 581 642 670 opinione
664 579 858 660 versantur,
885 579 937 663 ita
954 577 1097 677 sexcenti
1119 576 1264 656 nomine,

300 694 353 760 vix
370 692 592 761 tresautduo
606 694 713 783 reipsa
731 693 849 762 medici
866 692 1012 762 evadunt
1034 690 1087 782 (l).

296 869 302 874 .
345 805 382 872 Ni
396 806 487 872 fallor
501 805 670 894 equidem,
687 807 814 886 tibica,
835 806 983 895 quamvis
1000 799 1178 894 angustiori
1192 823 1267 892 spa-

299 917 346 984 tio
364 927 547 998 contracta,
565 919 702 1007 legenti,
717 921 874 1008 jamecce
890 927 1067 988 occurrunt
1077 928 1110 987 ct
1121 923 1270 986 Socrates

297 1029 334 1094 -in
348 1028 507 1116 quidlibet
524 1028 713 1098 definiendo
729 1031 954 1111 acutissimus,
975 1038 1008 1096 et
1034 1030 1122 1096 Plato
1141 1029 1174 1094 in
1192 1028 1267 1116 pbi-

296 1140 478 1227 ¹losophiam
506 1139 715 1208 defendendo
743 1141 947 1221 acerrimus,
974 1139 1006 1207 in
1035 1139 1203 1207 scientiam
1228 1139 1268 1205 ab

301 1252 455 1338 opinione
466 1251 531 1319 dist
518 1252 698 1340 tinguendo
714 1248 1015 1332 constantissimus,
1034 1258 1066 1318 ct
1078 1250 1198 1318 Aristot
1186 1249 1266 1317 teles

302 1365 334 1428 in
350 1372 436 1452 cogit
414 1361 524 1431 'tando
535 1365 777 1484 sagacissimus,
796 1365 828 1431 in
845 1361 1019 1432 scribendo
1036 1363 1179 1430 omnium
1192 1381 1266 1490 gra-

212 1454 218 1464 ’
300 1473 462 1541 vissimus.
575 1549 576 1552 Ἴ
640 1487 642 1494 ⁴
1112 1529 1115 1533 .

346 1585 493 1665 Quibus'
486 1610 495 1650 1
497 1587 647 1673 taprobe
668 1587 816 1654 stabilitis
833 1594 866 1654 et
882 1584 971 1666 fixis,
990 1608 1054 1674 qua
1072 1585 1145 1665 via,
1172 1594 1204 1652 et
1229 1583 1266 1652 'ut

301 1695 454 1763 verbum'
447 1717 552 1783 ipsum
562 1698 719 1777 referam,
737 1705 856 1782 μεθόδῳ,
872 1696 1091 1764 medicamt
1042 1703 1091 1764 art
1093 1719 1144 1764 em
1154 1717 1266 1784 aggre-

276 1842 278 1845 ·
300 1804 457 1886 diendum
473 1807 532 1886 sit,
551 1808 640 1876 velut
659 1830 744 1876 unus
759 1830 777 1876 e
795 1809 1035 1927 peripateticis,
1055 1809 1267 1944 llippocrat'es

247 1975 250 1982 r
301 1926 433 1985 accurat
436 1917 485 1985 ius
419 1917 642 1986 tdisserit.

344 2029 427 2093 Usus
448 2048 522 2094 cum
548 2028 673 2095 ratione
698 2030 853 2118 conjunct
855 2053 911 2110 us,
931 2039 1006 2116 epto
1028 2038 1094 2114 μετὰ
1111 2039 1211 2112 λόγου,
1230 2050 1268 2098 ea

301 2147 351 2204 est
368 2139 528 2206 tutissima
543 2139 585 2207 ad
600 2141 787 2209 morborum
805 2164 920 2210 causas
941 2146 974 2211 'et
989 2141 1134 2210 remedia
1148 2150 1267 2226 pacator.

306 2251 557 2319 «Ratiocinatio
584 2254 670 2319 enim
697 2248 740 2320 in'
760 2276 873 2323 eorum
898 2276 973 2343 quae
998 2277 1098 2323 sensu
1121 2271 1270 2344 compre-

306 2389 321 2427 «
339 2363 536 2431 henduntur
559 2360 786 2434 recordatione
803 2367 943 2456 quadam
969 2369 1128 2436 consistit.
1148 2372 1269 2436 Sensus

307 2497 323 2538 (ι
334 2492 337 2498 ’
347 2492 505 2561 namque,
521 2473 666 2543 evidenti
677 2477 905 2565 imaginatione
921 2482 1114 2569 conceptus,
1132 2482 1268 2570 primam

254 2637 256 2640 .
298 2607 323 2652 ,u
347 2604 476 2664 eorum,
490 2605 564 2672 quae
582 2585 730 2674 subjecta
745 2596 822 2655 sunt
833 2641 841 2667 ‚
853 2591 1104 2678 perpensionem
1114 2591 1267 2679 suscipit,

297 2720 322 2760 ,α
347 2704 380 2763 et
397 2694 438 2762 ad
453 2696 682 2784 cogitationem
698 2700 900 2768 transmittit.
915 2705 995 2770 Haec
1010 2724 1089 2770 vcro
1104 2703 1161 2771 ubi
1178 2724 1269 2772 recc-

233 2881 237 2888 ,
308 2810 450 2896 «perit,
479 2811 732 2900 frequenterque
753 2815 889 2903 quibus,
918 2815 1049 2904 quando
1075 2825 1108 2884 et
1130 2817 1269 2906 qualiter

309 2947 325 2986 «
347 2921 518 3002 convent,-
534 2923 595 2990 ista
609 2927 826 3007 conservarit,
843 2927 875 2994 in
885 2949 956 2995 sese
971 2929 1100 3017 reponit
1111 2936 1143 2995 et
1159 2950 1271 2996 recor.-

296 3059 325 3099 2«
348 3034 458 3102 datur.
476 3035 763 3104 Ratiocinationem
783 3037 880 3126 igitur
895 3041 1070 3128 plurimum
1086 3037 1206 3121 laudo,
1226 3041 1271 3108 si-

309 3171 325 3212 «
349 3145 481 3234 quidem
499 3168 536 3214 ex
554 3148 687 3217 fortuita
703 3149 872 3218 occasione
888 3151 1014 3221 initium
1030 3151 1148 3232 ducat,
1171 3160 1270 3239 atque

300 3285 325 3339 „u
348 3261 449 3348 ipsam
464 3258 659 3328 delationem
672 3283 713 3328 ex
727 3264 960 3350 apparentibus
977 3266 1031 3333 via
1045 3264 1185 3355 quadam
1194 3286 1271 3352 per-

307 3398 323 3438 «
346 3381 502 3460 sequatur
506 3423 572 3440 .....
863 3391 866 3400 ’
954 3401 957 3406 ’

354 3498 370 3550 u
394 3484 489 3580 Quod
515 3485 542 3552 si
566 3505 631 3552 non
648 3508 687 3553 ex
706 3487 849 3556 evidenti
868 3490 1070 3572 incursione,
1093 3514 1209 3560 verum
1231 3512 1270 3560 ex

310 3625 325 3666 o
348 3598 507 3687 probabili
518 3599 653 3666 rationis
667 3598 799 3668 fictione
815 3602 940 3671 initium
952 3604 1107 3685 ducatur,
1126 3607 1271 3694 plerum-

298 3737 325 3790 μ(ι
350 3732 415 3799 que
424 3731 554 3800 gravem
565 3723 597 3778 et
607 3709 773 3781 molestam
792 3715 889 3783 infert
906 3719 1121 3785 affectionem.
1139 3720 1271 3788 Plurimi

339 3971 374 4065 ll)
395 4003 480 4066 Hipp..
496 4002 559 4063 ara,
576 4013 632 4056 sect.
649 4011 662 4056 l
675 4041 681 4064 ,
694 4023 726 4072 p.
741 4013 764 4060 2.
