2906 4658
606 341 654 422 “-
680 375 788 441 rs-

257 535 304 600 Dc
323 537 428 600 morbo
436 555 530 626 sacro
550 529 603 621 (l).

260 645 398 728 Quidam
413 646 464 713 alii
481 646 552 714 libri
568 647 586 710 a
600 644 794 733 quibusdam
805 655 1024 733 respuuntur,
1044 647 1179 725 merito,

217 762 243 828 si
260 761 304 829 ita
318 762 442 849 placet,
462 769 495 826 at
511 767 601 854 certe
617 743 682 825 no'n
694 739 837 847 justade
855 782 962 827 causa.
976 763 1080 841 Quum
1098 760 1184 826 enim

218 895 292 942 eum
310 874 366 962 qui
387 875 434 940 De
446 879 555 960 prisco
570 877 721 941 medicina
740 870 911 952 scribitur,
930 882 1005 960 post
1022 873 1186 939 Aristote-
1277 862 1282 870 ’

218 986 282 1052 lem
298 986 454 1072 scripturn
476 985 575 1052 luisse
593 987 770 1065 affirment,
788 996 966 1073 propterea
981 985 1070 1074 quod
1088 986 1188 1053 multa

221 1098 264 1166 de
277 1089 389 1166 ‘calido
409 1108 442 1166 et
465 1103 601 1186 tripido,
630 1099 672 1166 de
694 1106 774 1166 sicco
789 1109 822 1166 et
848 1105 971 1167 humido
994 1100 1187 1178 contineat,

223 1233 320 1299 quam
345 1211 411 1278 sint
433 1212 624 1300 antiquioris
648 1211 864 1299 philosophiae
890 1211 988 1278 rudes
1007 1213 1103 1299 plane
1128 1209 1192 1276 de-

222 1333 416 1391 monstrant.
434 1324 568 1412 lamjam
580 1323 664 1390 enim
681 1324 751 1412 ipse
768 1325 872 1402 Plato,
891 1322 979 1410 apud
990 1326 1190 1398 Phaedonem,

226 1437 348 1524 eosqui
364 1437 507 1503 animum
523 1436 602 1502 nihil
616 1435 702 1502 aliud
714 1456 892 1523 essequam
906 1439 1002 1502 calidi
1015 1444 1048 1501 et
1063 1438 1174 1520 frtqidi
1182 1485 1191 1509 ,

226 1554 348 1615 sicelet
367 1552 485 1615 humidi
501 1547 709 1615 concordiam
729 1546 992 1625 contendebant,
1016 1545 1122 1616 acrius
1137 1565 1196 1611 re-

229 1659 318 1725 fellit.
346 1662 415 1726 lam
441 1658 527 1726 idem
553 1659 839 1726 excellentissimus
869 1669 1003 1740 auctor,
1031 1657 1116 1746 apud
1143 1659 1197 1723 Τι’-
1282 1643 1284 1648 ’

229 1795 365 1849 mum,
404 1773 542 1861 plurima
568 1773 609 1840 de
638 1773 752 1840 iisdem
782 1774 951 1862 principiis
977 1774 1041 1840 huc
1071 1783 1103 1839 et
1125 1773 1197 1839 illuc

203 1957 208 1968 ¹
231 1883 381 1952 effundit.
394 1887 514 1973 Exquo
531 1885 622 1953 facile
636 1896 743 1973 patet,
763 1908 801 1953 ea
817 1895 892 1953 ante
909 1908 926 1952 a
941 1886 1086 1976 physicis
1097 1908 1199 1952 usur-

231 2006 308 2084 pata
324 1997 377 2089 (2).

276 2112 341 2178 Nec
356 2111 395 2178 iis
402 2113 551 2179 assentiri
562 2134 694 2200 possum
708 2113 775 2200 qui,
788 2113 842 2181 ubi
861 2112 948 2201 apud
958 2113 1072 2178 librum
1085 2133 1201 2199 quem-

234 2222 309 2292 dam
326 2225 446 2313 aliquid
456 2224 710 2313 deprehendunt
721 2225 810 2315 quod
821 2235 876 2293 aut
889 2224 1131 2314 peripateticoS,
1145 2233 1200 2290 aut

141 2389 144 2396 .
234 2347 381 2417 sto'r'cos,
413 2333 469 2406 a'ut
496 2339 592 2407 etiam
629 2339 855 2407 alexandrinos
889 2338 1058 2417 redoleat,
1092 2337 1201 2403 statim

237 2471 312 2517 eum
327 2451 526 2517 recensionis
550 2451 658 2518 aetatis
685 2459 762 2528 nota
785 2451 904 2538 signari
926 2470 1117 2537 persuasum
1137 2447 1201 2513 ha-

213 2606 216 2610 -
237 2565 327 2632 bent.
339 2569 391 2643 ht,
409 2564 614 2643 mehercule,
634 2565 765 2631 minime
783 2565 828 2631 ita
843 2586 878 2631 se
893 2585 946 2630 res
961 2563 1070 2641 hahet.
1094 2564 1201 2643 Quum

236 2679 322 2745 enim
336 2676 534 2745 alexandrini
550 2678 684 2743 multaa
711 2677 839 2744 caeteris
859 2674 1079 2764 philosophie,
1101 2696 1201 2762 quum
1246 2713 1247 2720 κ

235 2791 330 2858 stoici
345 2791 446 2858 multa
462 2811 480 2856 a
499 2789 737 2878 peripateticis,
760 2811 860 2877 quum
879 2787 1084 2876 peripatetici
1102 2788 1202 2854 multa

238 2906 416 2983 aPlatone,
430 2906 530 2971 multa
541 2925 559 2970 a
570 2904 715 2993 physicis
728 2903 942 2990 arripuerint,
962 2902 1041 2968 nihil
1056 2903 1204 2989 prolecto

239 3017 375 3107 impedit
397 3018 572 3107 quominus
602 3017 718 3105 aliquis
740 3017 837 3084 ctiam
860 3025 939 3083 natu
962 3016 1065 3104 major
1091 3014 1205 3082 eadem

240 3153 284 3198 er
299 3129 414 3199 eodem
441 3132 530 3197 fonte
557 3129 712 3199 hauserit.
732 3129 847 3195 Procul
871 3128 968 3216 igitur
989 3127 1203 3216 abjiciantur,

241 3247 267 3311 si
293 3246 337 3313 ita
359 3243 417 3312 tihi
440 3245 472 3310 in
495 3245 601 3312 animo
623 3253 690 3324 est,
710 3242 781 3309 libri
801 3243 848 3309 De
865 3245 982 3309 decenti
1005 3247 1133 3319 habitu,
1160 3246 1207 3310 De
1243 3293 1245 3299 s

241 3368 327 3432 arte,
346 3356 502 3445 multique
520 3357 570 3423 alii
587 3353 848 3444 ejusdemmodi,
869 3377 933 3421 non
951 3363 1059 3422 autem
1072 3365 1207 3443 propter

131 3501 132 3504 ¹
241 3471 394 3537 nonnulla
410 3471 599 3538 recentioris
614 3469 831 3559 philosophiae
847 3469 983 3558 vestigia
1001 3478 1188 3558 arguantur.

286 3584 390 3650 Unum
409 3583 531 3671 aliquid
556 3592 673 3662 restat,
698 3581 787 3671 quod
814 3583 944 3650 minime
978 3583 1120 3650 omnium
1144 3605 1208 3648 non

276 3796 312 3860 (1)
330 3799 402 3846 Forte
415 3797 528 3847 Draconi.

274 3887 310 3952 (2)
327 3889 380 3937 Non
393 3887 458 3936 enim
470 3895 498 3938 ut
508 3901 570 3937 nova
583 3887 694 3950 quedam
706 3903 735 3938 ea
748 3889 816 3938 Plato
828 3889 933 3949 inducit,
946 3889 986 3938 sed
1000 3896 1027 3938 ut
1038 3889 1173 3950 antiquiora
1187 3894 1211 3937 et

237 3975 383 4056 jampriden
395 3977 500 4038 cognita.
