2906 4658
618 373 793 446 ..47-

221 555 246 604 a·
265 552 351 604 vero
365 531 451 606 nulla
467 533 518 600 via
542 555 610 606 rem
634 534 737 622 ipsam
758 526 1002 623 aggrediuntur.
1024 534 1185 618 Quidnam
1251 553 1254 557 ·

223 668 238 706 a
262 645 349 710 enim
373 645 447 711 mali
471 646 655 733 contingat,
682 647 708 712 si
733 643 918 714 mercedem
934 641 1102 730 auferant,
1130 652 1187 738 qul

223 783 247 844 Ι«-
264 756 499 844 medicaopara
516 757 645 845 publice
658 759 741 826 male
751 758 976 827 exercent‘llt
986 779 1188 854 nunemgro-

219 893 242 941 ‘a
266 869 307 940 tis
322 869 416 956 ipsis,
435 890 510 942 cum
522 870 588 938 sint
604 879 695 940 extra
708 871 855 957 culpam,
876 893 941 937 non
957 872 1036 940 satis
1051 893 1122 942 esso
1138 874 1188 942 vis

227 1003 242 1042 a
266 977 371 1047 morbi
390 979 460 1048 visa
478 989 547 1061 est,
571 981 630 1048 nisi
653 982 750 1050 etiam
772 981 890 1050 medici
912 981 1073 1071 imperitia
1095 1005 1189 1054 acoe-

226 1117 241 1155 «
266 1090 371 1160 daret.
1167 1091 1169 1098 Α

219 1269 224 1275 ,
273 1208 358 1273 cac
382 1201 425 1270 de
449 1203 500 1270 his
525 1202 659 1292 quidem
685 1204 757 1274 haec
783 1207 862 1274 satis
880 1205 968 1275 dicta
998 1219 1107 1291 sunt,
1127 1211 1188 1278 nisi

226 1343 244 1382 a
267 1316 357 1406 quod
374 1317 497 1390 nullum
510 1337 549 1390 ex
565 1316 706 1405 hisquae
722 1319 791 1386 sola
804 1319 931 1387 ratione
947 1322 1189 1392 concluduntur
1208 1391 1211 1396 ,

227 1454 244 1494 a
269 1431 409 1499 fructum
424 1427 596 1515 percipere
616 1428 709 1508 licet,
727 1450 841 1497 verum
862 1451 901 1498 ex
918 1431 970 1498 his
986 1455 1062 1521 qnae
1080 1437 1189 1523 operia

176 1525 179 1532 ’
229 1567 245 1608 a
268 1542 580 1616 demonstrationem
605 1542 738 1610 habent.
759 1543 863 1610 Fallax
883 1546 969 1613 enim
989 1555 1022 1614 at
1039 1546 1079 1615 ad
1100 1567 1191 1616 erro-

229 1679 245 1718 a
268 1675 338 1722 rem
356 1653 509 1741 proclivis
523 1653 736 1735 asseveratio,
756 1663 895 1742 quaeest
913 1677 987 1724 cum
1003 1659 1191 1746 garrulitate

231 1768 456 1858 «conjuncta.
484 1766 642 1848 Quocirca
665 1767 715 1834 his
739 1788 814 1854 quae
835 1766 919 1835 fiunt
945 1768 977 1835 in
1002 1771 1190 1840 universum

230 1903 246 1945 a
270 1879 420 1947 insistere
438 1887 584 1966 oportet,
603 1887 635 1944 et
652 1879 738 1945 circa
763 1900 802 1945 ea
819 1879 872 1946 vel
889 1880 1026 1948 maxime
1044 1883 1188 1962 versari,

232 2016 249 2057 a
271 1992 300 2062 si
324 1991 397 2082 quis
423 1990 567 2069 facilem,
591 1997 625 2056 et
651 2010 726 2058 eom
757 1999 848 2059 extra
868 1992 996 2079 culpam
1021 1992 1190 2076 habitum,

231 2128 247 2167 a
271 2123 368 2191 quem
394 2110 483 2173 certe
506 2099 700 2172 medicinam
721 2123 895 2183 vocamus,
919 2104 980 2170 sibi
1004 2121 1194 2191 comparare

231 2239 247 2278 a
271 2213 361 2284 velit.
383 2212 551 2282 Maximam
568 2211 653 2278 enim
671 2211 843 2280 utilitatem
860 2221 929 2288 tum
954 2215 1105 2302 aegrotis,
1123 2223 1193 2282 tum

230 2349 246 2388 ι(
270 2325 309 2393 iis
327 2324 383 2412 qui
398 2324 523 2398 illorum
539 2343 592 2393 res
610 2320 857 2405 administrant,
877 2325 1080 2412 comparabit,
1093 2325 1146 2416 (l).
1173 2351 1189 2390 n

269 2439 352 2528 Ergo
374 2436 502 2506 duabus
523 2437 620 2506 animi
639 2427 861 2516 facultatibus,
880 2457 1019 2524 quarum
1034 2459 1197 2527 unaque*

226 2572 291 2640 que
305 2549 439 2644 proprio
451 2546 594 2638 quodam
607 2567 744 2616 munere
760 2548 924 2636 fungitur,
942 2569 1021 2618 vera
1034 2550 1197 2618 condatur

227 2672 375 2736 naturam
387 2657 603 2748 investigandi
614 2679 666 2726 ars
679 2667 712 2726 et
723 2659 816 2729 ratio.
829 2660 969 2732 Primum
982 2660 1104 2727 scilicet
1115 2683 1190 2729 osc.

226 2779 310 2850 Usus
333 2784 442 2843 autem
461 2772 540 2843 nihil
563 2773 623 2846 nisi
649 2793 805 2844 sensuum
822 2773 961 2842 intentio
981 2772 1132 2861 quaedam
1150 2773 1192 2841 ad

129 2936 131 2944 ι
228 2910 281 2976 res
297 2888 461 2978 subjectas
471 2886 604 2974 penitns
618 2884 863 2973 cognoscendas
875 2885 1042 2956 multoties
1053 2886 1193 2974 repetita

227 3010 260 3071 et
274 3007 442 3072 renovata.
465 2995 592 3072 Deinde
611 2997 707 3063 etiam
726 3002 857 3068 rotiooa.
874 2996 966 3062 Ratio
985 3005 1093 3062 autem
1115 2997 1196 3064 nihil

229 3113 290 3188 nisi
304 3133 397 3186 mens
414 3110 502 3198 ipsa,
529 3127 625 3197 qne,
642 3128 716 3179 oum
735 3107 909 3196 singularia
924 3109 1024 3176 multa
1043 3109 1194 3178 sensibus

224 3227 356 3316 jamjam
372 3223 575 3312 perceperit,
596 3243 635 3290 aa
648 3220 834 3310 diligentius
851 3243 1013 3310 perpensa
1026 3221 1067 3290 ad
1085 3223 1193 3312 prod*

144 3385 149 3392 ·
228 3335 303 3410 dam
325 3336 514 3408 universum
537 3332 666 3422 redigit.
692 3335 824 3406 Necnon
846 3333 1000 3402 memoria
1019 3355 1103 3422 opus
1116 3344 1191 3416 est,

230 3469 320 3543 quae,
330 3446 491 3537 quidquid
499 3443 777 3536 apprehenderint
788 3463 917 3523 sensns,
930 3443 1046 3513 ordine
1059 3465 1193 3514 conser-

228 3571 312 3642 vet,
344 3569 377 3632 et
396 3559 497 3629 menti
521 3559 554 3629 in
577 3577 735 3636 semmam
764 3554 984 3644 effingendam
1003 3555 1127 3626 tradat,
1155 3559 1191 3623 lu

229 3674 342 3762 primis
356 3680 464 3746 antem
474 3667 653 3745 notandum
663 3675 714 3742 est
726 3667 1005 3740 ratiocinationem
1016 3667 1193 3755 quamlibet

264 3953 298 4011 (l)
318 3948 509 4008 Proecepooeea,
527 3951 584 3994 tect
602 3957 622 4001 ῐ,
639 3957 664 4005 p.
681 3945 726 4000 tl,
743 3945 782 3991 26.
