2906 4658
659 376 823 448 ..pg-

261 561 277 602 o
300 538 436 606 maxime
459 538 579 604 siooum
598 588 606 615 ‚
638 537 669 601 in
697 556 835 622 corpore
860 542 1039 620 temperata
1070 530 1216 610 luerint,

260 646 552 734 «prudentissima
574 645 779 724 efficiuntur,
805 643 956 732 quoniam
983 643 1065 736 ignis
1086 641 1217 730 quidem
1289 719 1293 726 Ι

261 779 276 817 o
301 757 342 823 ab
364 778 447 844 aqua
470 755 715 836 humiditatem,
738 776 821 843 aqua
836 776 916 823 vero
938 754 978 821 ab
995 755 1069 841 igne
1087 753 1221 820 siceita-

260 892 276 931 α
299 877 365 934 tem
382 869 492 936 habet.
506 870 684 955 Utrumque
700 876 807 935 autem
824 867 886 934 hoc
903 864 999 933 modo
1010 865 1071 932 sibi
1083 865 1219 931 maxime

169 970 171 974 ’
258 1003 274 1042 u
298 979 377 1046 satis
386 1000 458 1046 esse
471 978 612 1047 videtur.
626 981 736 1066 Neque
754 979 836 1066 ignis
846 978 988 1045 alimenti
1006 977 1115 1064 inopia
1125 978 1219 1064 longe

258 1114 274 1152 o
298 1087 531 1176 proficiscitur,
552 1109 657 1175 neque
674 1109 758 1176 aqua
774 1088 925 1154 motionis
940 1087 1078 1174 penuria
1103 1085 1220 1153 admo-

257 1225 273 1265 «
297 1199 375 1268 dum
392 1181 592 1269 sublevatur.
617 1203 794 1287 Utrumque
818 1199 931 1286 igitur,
960 1208 1029 1265 tum
1045 1198 1107 1264 hoc
1123 1196 1220 1264 modo

259 1336 274 1375 o
298 1311 358 1378 sibi
374 1312 453 1378 satis
470 1320 539 1390 est,
558 1319 626 1378 tum
640 1311 724 1376 inter
739 1330 774 1376 se
791 1317 971 1396 temperata
987 1308 1040 1398 (l).

306 1445 322 1484 «
345 1419 482 1501 Quodsi
503 1422 586 1509 ignis
597 1430 629 1488 at
645 1442 738 1509 aquae
753 1421 935 1508 purissimae
952 1422 1220 1508 temperationem

260 1532 482 1619 «acceperit,
508 1541 541 1598 et
560 1532 644 1620 ignis
663 1553 746 1623 aqua
772 1533 1027 1620 paulo'inlerior
1053 1533 1170 1609 luerit,
1200 1532 1220 1597 ii

260 1643 431 1730 «quidem
458 1645 554 1710 etiam
581 1644 762 1731 prudentes
790 1654 888 1723 sunt,
918 1645 991 1732 plus
1023 1654 1131 1712 tamen
1161 1645 1221 1710 illis

259 1778 275 1817 «
298 1775 394 1843 quam
414 1755 445 1820 in
459 1755 568 1841 priore
584 1756 820 1842 temperatione
837 1753 952 1835 deest,
969 1757 1121 1843 quoniam
1139 1755 1221 1842 ignis

258 1890 275 1931 «
298 1868 339 1935 ab
350 1888 433 1956 aqua
449 1877 642 1955 superatur,
664 1867 855 1956 tardamque
867 1868 1044 1936 motionem
1059 1869 1218 1946 efficiens,

261 2001 277 2041 «
301 1979 433 2065 segnius
448 1977 480 2043 in
496 1999 612 2046 sensus
629 1979 768 2047 illabitur
790 1979 844 2070 (2).

305 2114 321 2153 ι(
345 2094 385 2155 nt
410 2090 437 2156 si
462 2089 494 2156 in
521 2090 627 2178 aliquo
649 2090 853 2171 interiorem,
870 2111 966 2178 quam
982 2112 1083 2178 aqua,
1099 2098 1228 2177 potem·¹¹

261 2228 277 2267 o
301 2202 379 2269 tiam
391 2203 473 2290 ignis
488 2202 622 2270 sortitus
636 2203 700 2286 sit,
719 2202 894 2296 tardiorem
909 2224 983 2272 eum
1000 2224 1072 2271 esse
1089 2222 1222 2269 neeesse

262 2340 278 2380 o
302 2325 373 2396 est,
404 2317 673 2404 appellanturque
704 2317 774 2405 ejus
803 2315 890 2385 modi
922 2317 1043 2384 stolidi.
1069 2317 1222 2384 Nimirum

263 2452 278 2491 o
302 2427 405 2506 enim,
426 2449 525 2515 quum
550 2427 663 2495 tardos
686 2430 727 2494 sit
751 2428 911 2507 ambitus,
930 2429 1085 2515 paulatim
1107 2449 1224 2495 sensa-

263 2564 279 2604 ι(
302 2539 408 2606 tiones
420 2540 602 2607 allabuntur
613 2592 628 2620 ,
643 2549 676 2606 et
692 2559 766 2627 quae
782 2548 886 2606 acutae
903 2540 1081 2619 exsistunt,
1104 2539 1223 2606 sensim

263 2675 279 2714 «
303 2650 809 2738 etiamcommiscentur,propter
819 2651 957 2718 ambitus
967 2651 1153 2719 tarditatem
1161 2649 1217 2740 (3).-

306 2787 322 2827 «
346 2760 441 2843 Quod
459 2763 485 2828 si
502 2763 602 2850 magis
618 2762 659 2828 ab
674 2783 758 2850 aqua
775 2761 855 2850 ignis
869 2771 1063 2850 superetur,
1086 2762 1145 2829 hos
1155 2763 1221 2850 jam
1269 2762 1271 2766 ’

262 2898 277 2936 o
302 2873 354 2940 alii
371 2871 554 2950 dementes,
573 2873 623 2940 alii
652 2873 807 2940 attonitos
828 2875 1004 2960 appellant.
1029 2874 1066 2944 lli
1092 2875 1222 2962 plorant

261 3009 277 3050 o
300 3006 401 3074 quum
423 3005 441 3051 a
467 2985 595 3052 nemine
623 2994 797 3064 vexentur,
826 2993 883 3053 aut·
903 2987 1136 3066 verberentur,
1155 2986 1222 3052 mi-

261 3121 277 3162 o
300 3097 386 3164 nime
401 3095 577 3164 metuenda
593 3106 758 3176 metuunt,
776 3097 924 3164 molestia
939 3098 1145 3176 afficiuntur,
1165 3098 1220 3166 ubi

261 3231 279 3273 «
301 3208 432 3276 minime
446 3210 616 3286 convenit,
637 3217 670 3274 et
696 3209 842 3276 sentiunt
862 3231 937 3296 quae
956 3210 1136 3296 prudentes
1155 3231 1220 3276 non

262 3344 277 3384 o
301 3318 441 3386 deceant
459 3319 512 3410 (l).

304 3457 319 3494 «
345 3435 384 3496 nt
403 3432 430 3497 si
452 3453 536 3519 aqua
553 3433 755 3512 inferiorem,
783 3454 879 3521 quam
910 3434 1012 3520 ignis,
1037 3434 1221 3502 facultatem

289 3689 324 3751 (l)
343 3690 379 3737 De
393 3689 470 3737 victua
484 3688 598 3745 rollone,
617 3694 673 3738 secl.
693 3701 730 3746 tv,
749 3701 772 3750 p.
792 3688 849 3736 350.

289 3779 325 3841 (2)
344 3779 420 3838 leta,
437 3793 461 3841 p.
476 3782 534 3829 etl.

286 3869 323 3933 (5)
341 3869 402 3918 ltro.

287 3959 323 4024 lb)
344 3959 418 4018 ltin,
431 3972 455 4021 p.
474 3961 539 4019 ³51,
559 3961 615 4009 552.
