2906 4658
286 524 407 616 aliquid
424 529 614 596 universum
636 529 697 596 iter
715 537 841 616 pergat.
863 527 899 596 ld
916 535 1023 595 autem
1041 526 1248 607 universum,

284 637 514 728 quodcumque
529 649 580 708 est
594 693 602 719 ‚
621 640 743 708 veritas
757 649 818 708 est.
835 641 962 708 Veritas
978 649 1105 719 autem,
1126 648 1181 707 aut
1198 660 1251 705 ars

284 758 317 816 et
331 750 484 830 scientia,
504 759 559 818 aut
578 752 660 818 artis
679 760 712 818 et
725 750 1033 820 scientiaemateria.

330 972 423 1040 Nunc
449 971 601 1061 quoniam
627 973 833 1061 Hippocratis
856 974 1041 1041 universam
1071 973 1113 1041 de
1142 993 1251 1040 rerum

286 1093 403 1155 natura
418 1093 451 1151 et
469 1084 599 1154 homine
613 1085 794 1154 doctrinam
812 1107 877 1154 uno
892 1095 1007 1154 tenore
1023 1085 1249 1174 exposuimus,

286 1205 387 1264 restat
405 1205 441 1263 ut
458 1219 672 1285 quorumnam
698 1199 965 1286 philosophorum
980 1198 1122 1266 vicissim
1140 1197 1253 1264 similis

287 1309 405 1378 evadat
437 1318 563 1378 attento
589 1313 695 1378 animo
722 1331 917 1399 quaeramus.
938 1311 1033 1393 Quod
1057 1311 1084 1378 si
1109 1311 1251 1378 laustiori

288 1420 354 1486 lato
379 1421 634 1508 profecerimus,
662 1421 696 1490 id
716 1423 793 1490 huic
816 1425 905 1490 aetati
930 1421 1166 1510 cognoscendae
1192 1421 1255 1487 ali-

289 1532 479 1620 quantisper
493 1535 701 1620 proluturum
716 1531 921 1602 confidimus.

332 1647 439 1724 Quum
458 1646 795 1734 Hippocratesignem
807 1665 969 1714 summum
986 1646 1134 1722 omnium
1146 1667 1253 1713 rer-um

288 1755 494 1841 principium'
520 1777 620 1836 esse,
648 1764 682 1824 et
708 1766 828 1824 caetera
854 1778 995 1845 quaeque
1031 1754 1161 1832 exinde*
1178 1756 1253 1828 oriri

216 1873 218 1880 ’
288 1865 426 1935 diversis
450 1868 555 1936 modis
576 1869 754 1957 praedicet‚
776 1891 851 1938 eum
865 1865 1056 1954 iipautrartcro
1072 1869 1202 1936 mininie
1222 1869 1254 1933 in

287 1979 388 2049 dubio
408 1989 470 2049 est.
495 1983 527 2048 Si
549 1991 677 2061 autem,
703 1982 745 2050 de
771 1982 908 2050 hominis
933 1990 1050 2049 natura
1075 1981 1253 2057 disserena

290 2093 436 2170 manime¹
454 2093 615 2162 medicum
638 2096 723 2183 sapit
737 2133 756 2175 ‚·
771 2105 914 2162 attamen
940 2104 974 2162 et
1004 2095 1252 2182 philosophum,

288 2205 506 2286 etiamtunc,
535 2208 638 2294 sapit,
672 2229 746 2275 curn
777 2208 938 2275 Melissum
964 2204 1023 2294 (l),
1050 2213 1253 2292 caeterosque

289 2341 402 2387 omnes
424 2320 481 2408 qui
502 2335 533 2384 rt
548 2331 574 2385 ta
599 2321 631 2386 in
658 2317 765 2410 medio
794 2319 1006 2407 apposuerint
1030 2315 1257 2390 vehementius

289 2429 426 2494 refellat.
451 2429 587 2516 lbique,
622 2431 763 2497 forsitan·
788 2429 990 2498 lleraclitem¹
1012 2429 1079 2516 jam
1107 2449 1180 2494 non·
1203 2447 1256 2500 stt-

290 2538 419 2626 quitur‚
436 2542 584 2624 prolecto
604 2541 755 2608 Heracliti
772 2562 832 2608 nec
849 2540 1053 2608 adversatur.

319 2636 540 2736 ¹Hippocratis
566 2637 667 2718 instar
695 2652 843 2741 plerique
871 2651 1139 2740 philosophorum
1172 2649 1260 2743 apud

291 2765 421 2828 Graecos
443 2759 484 2852 (2)
502 2781 546 2850 Ιτῷ
560 2777 689 2848 πνεύματι
720 2749 891 2854 maximum
919 2763 1261 2834 concesserexlocurn:

205 2873 207 2879 ‘
290 2872 593 2960 lamjamDiogenes
603 2871 909 2949 aerem‚lleraclites
919 2892 1075 2958 vaporem
1086 2869 1261 2958 quemdam

293 2985 379 3051 inter
394 3003 495 3049 venas
508 2981 548 3072 (3)
560 2983 655 3051 simul
665 3004 740 3050 cum
754 2983 912 3071 sanguine
926 2982 1096 3071 pervagari
1111 2979 1262 3064 docuisse

293 3099 501 3175 reseruntur,
519 3095 636 3183 quihus
653 3097 749 3164 homo
766 3097 904 3186 quisque
929 3117 1030 3185 quum
1054 3105 1260 3177 moveretur,

293 3218 364 3276 tum
381 3217 414 3276 et
433 3208 570 3274 sentiret
593 3217 626 3274 et
642 3229 755 3276 secum
770 3208 949 3298 cogitaret
960 3210 1033 3295 lpse
1055 3206 1259 3285 Aristoteles,

208 3305 210 3309 ’
295 3317 383 3408 apud
407 3319 524 3386 librum
554 3319 600 3384 Dc
620 3324 737 3406 spirito
765 3319 829 3410 (l),
857 3318 945 3387 unde
967 3333 998 3384 τὸ
1026 3333 1135 3404 ἔμφυτον
1162 3335 1265 3403 πνεῦμα

253 3593 259 3606 ’
332 3593 370 3658 (ll
388 3595 451 3643 Eum
463 3593 500 3642 bis
512 3593 622 3644 nominat
632 3595 699 3658 apud
710 3595 799 3645 librum
813 3611 820 3644 ι
839 3595 876 3643 De
887 3603 979 3643 natura
991 3553 1103 3644 homiliis.

330 3684 368 3746 (2)
386 3683 517 3744 Etiamque
527 3683 594 3745 apud
607 3683 691 3734 ludos.
705 3683 751 3732 Adi
763 3683 848 3732 Etonia
860 3683 890 3732 dc
902 3681 1055 3732 Coletroolrc.

330 3772 365 3836 (a)
384 3771 609 3830 notatiunculam,
624 3773 661 3820 De
671 3773 776 3821 historia
788 3774 947 3836 animalium,
960 3774 977 3823 l.
992 3771 1037 3832 111,
1050 3785 1103 3835 cap.
1116 3787 1144 3830 n,
1158 3771 1200 3820 ubi
1212 3771 1270 3820 Dio-

295 3860 364 3923 3e'nis
375 3860 487 3909 doctrina
498 3861 529 3910 de
541 3861 607 3910 venis
618 3862 729 3912 universa
741 3862 825 3912 referri
840 3862 943 3912 videtur.

331 3950 367 4013 (l)
387 3950 448 4012 Cap.
464 3965 480 3999 ι.
