2918 4656
540 393 782 461 ...442

653 693 744 776 mu
819 685 821 692 ·
897 799 899 806 ⁴
1006 705 1010 712 ·

259 949 371 1033 Omnia
398 969 615 1036 quaecumque
635 967 733 1033 supra
759 947 1026 1033 conscripsimus,
1056 947 1185 1037 dequo

216 1045 356 1128 dubitari
377 1062 498 1147 possit,
525 1059 602 1125 nihil
634 1081 768 1146 prorsus
800 1058 933 1124 habent.
967 1061 1073 1139 Quum
1100 1061 1184 1126 enim
1281 1115 1284 1121 .

215 1173 294 1238 nihil
310 1171 396 1240 aliud
414 1193 511 1260 quam
528 1181 564 1237 ut
601 1170 805 1258 Hippocratis
822 1167 1005 1236 doctrinam
1024 1168 1185 1259 (philoso-

214 1285 343 1371 phicam
366 1283 517 1373 quidem)
533 1303 757 1370 exponerem,
786 1273 922 1368 ejusque
948 1303 1022 1348 cum
1056 1281 1184 1348 caeteris

220 1398 355 1464 Graeciae
372 1396 529 1463 doctrinis
546 1391 774 1462 similitudines
799 1391 1008 1472 adnotarem,
1023 1394 1054 1457 in
1080 1395 1186 1460 animo

218 1488 294 1588 luit,
314 1530 352 1576 ea
375 1531 427 1576 res
450 1509 568 1575 nullam
588 1508 693 1573 iacere
716 1505 970 1586 controversiam
992 1505 1069 1571 mihi
1086 1503 1185 1570 vide-

217 1631 281 1688 tur.
309 1624 400 1688 Nunc
430 1630 537 1686 autem
563 1640 639 1685 ecce
673 1620 770 1700 instat
800 1616 1000 1714 perdifficilis
1026 1615 1185 1717 ¹quaedam

220 1733 358 1820 quaestio

346 1963 443 2008 Noctem
456 1961 610 2019 hiememque
622 1959 707 2007 ferens.

219 2159 438 2242 Quaerendum
469 2137 633 2254 est'enim
671 2167 703 2224 et
743 2151 914 2246 diligenter
943 2156 1181 2224 excutiendum

182 2325 189 2329 -
207 2263 372 2361 *quosnam
389 2271 616 2357 philosophos,
632 2251 782 2358 discipuli
800 2269 917 2348 instar,
929 2268 1074 2341 imitatus
1086 2261 1181 2334 suerit

215 2385 444 2473 Hippocrates;
472 2403 651 2470 quosnam,
679 2380 821 2468 magistri
847 2381 912 2446 ritu
934 2373 967 2447 et
997 2401 1105 2459 more,
1128 2388 1182 2445 aut

215 2495 394 2573 monuerit,
422 2503 477 2561 aut
502 2493 711 2560 excitaverit:
732 2494 802 2572 Quo
826 2492 903 2557 nihil
922 2493 1092 2558 obscurius
1110 2514 1181 2558 esse

216 2607 319 2673 libens
335 2606 573 2672 affirmaverim.

344 2834 484 2882 Excutimur
495 2847 582 2892 eumu,
596 2838 620 2880 el
631 2830 699 2880 caecis
709 2843 819 2880 erramus
830 2832 855 2879 in
867 2831 952 2880 undisl

256 3036 321 3099 Nec
350 3041 459 3098 tamen
483 3028 637 3117 quando,
663 3030 847 3116 quibusque
870 3029 1077 3106 llorentibuS,
1098 3029 1182 3122 Ilip-

214 3152 366 3230 pocrates
383 3151 479 3208 natus
496 3141 592 3207 luerit
610 3141 642 3205 in
661 3140 785 3206 incerto
802 3148 863 3205 est.
883 3140 915 3204 Si
931 3140 1017 3206 enim
1034 3141 1099 3206 Coo
1116 3143 1181 3207 So-

213 3278 292 3322 rano
319 3253 360 3345 (l)
385 3252 483 3321 fidem
510 3252 683 3328 habemus,
716 3279 731 3317 ι(
753 3252 1033 3339 Peloponnesiacis
1055 3262 1182 3344 tempo-

215 3365 303 3432 ribus
328 3367 452 3455 viguit,
478 3366 582 3453 primo
611 3365 818 3452 octogesimae
846 3363 1045 3453 Olympiadis
1071 3387 1177 3445 anno,

215 3487 371 3566 regnante
398 3477 558 3560 Abriada,
577 3476 697 3543 mensis
723 3476 843 3563 agriani
863 3485 1005 3542 sextoet
1026 3477 1181 3565 vigesimo

216 3589 280 3657 die.
300 3597 315 3654 ›'›
336 3593 415 3659 Cum
435 3591 532 3678 igitur
548 3589 679 3676 paululo
696 3589 807 3675 junior
831 3590 963 3654 Socrate
980 3598 1086 3669 esset,
1110 3591 1182 3655 ior-

217 3714 301 3772 tasse
323 3706 389 3792 jam
413 3702 490 3772 inde
514 3699 682 3768 concludis
708 3723 798 3779 eum,
826 3698 986 3788 quidquid
1006 3701 1178 3791 physicum

247 3985 282 4047 (l)
301 3973 573 4046 numerosarum,
590 3989 606 4030 l.
623 3981 692 4038 Vlll,
706 3994 729 4043 p.
745 3981 817 4029 1297.
