2906 4658
697 385 835 442 ..g-

285 531 482 617 «optimam
508 527 801 608 existimationem,
829 526 1060 616 prudentiam,
1086 528 1248 614 animique

286 665 302 705 «
327 639 584 719 moderationem
601 650 842 728 compararunt.
863 639 911 708 ad
928 641 1090 708 incessum
1107 661 1186 707 vero
1209 659 1247 704 eo

285 776 301 817 «
324 773 454 841 semper
470 762 547 821 sunt
564 753 694 833 habitu,
713 753 843 820 minime
864 752 1050 822 diffluentes
1063 760 1119 820 aut
1133 771 1249 838 super-

285 889 300 928 «
325 865 397 945 llui,
418 866 450 932 in
470 865 636 932 hominum
653 867 866 935 concursibus
888 887 1022 955 graves,
1044 864 1085 933 ad
1106 885 1248 951 respon-

284 1001 300 1040 «
324 974 468 1044 dendum
496 977 657 1065 appositi,
682 976 840 1046 adversus
866 980 1061 1046 altercantes
1079 973 1243 1056 difficiles,

284 1113 299 1160 a
324 1096 357 1156 a«
381 1089 533 1174 similium
558 1090 827 1168 familiaritatibus
851 1073 1086 1169 contrahendis
1111 1088 1246 1177 prospi-
1298 1129 1303 1138 -

283 1226 298 1264 «
323 1201 467 1282 cientes,
490 1223 567 1290 erga
582 1224 695 1270 omnes
717 1201 895 1284 moderati,
921 1204 954 1270 in
975 1202 1145 1270 occasione
1168 1221 1248 1288 pru-

283 1337 298 1375 «
323 1309 440 1378 denter
466 1311 627 1400 captanda
652 1313 914 1393 accommodati,
938 1315 970 1380 in
993 1314 1084 1382 victu
1108 1313 1246 1401 frugales

282 1446 298 1486 «
323 1430 356 1488 et
372 1421 485 1509 paucis
508 1424 671 1503 contenti,
690 1425 837 1495 oratione
859 1427 1026 1506 efficaces,
1050 1425 1125 1514 qui,
1145 1422 1248 1512 quid-

282 1558 297 1596 «
322 1531 402 1622 quid
422 1532 571 1601 doctrina
594 1543 809 1622 acceperunt,
835 1537 867 1604 in
888 1536 1031 1606 medium
1051 1538 1242 1625 proferunt,

282 1670 297 1708 «
321 1652 354 1710 et
368 1645 520 1712 facultate
536 1644 667 1712 dicendi
680 1656 830 1728 utuntur,
843 1647 885 1715 ad
899 1648 1035 1737 gratiam
1048 1646 1241 1735 comparati,

282 1782 297 1836 i(
322 1764 356 1822 et
370 1777 431 1843 pro
452 1756 552 1845 gloria
568 1779 643 1846 quae
663 1758 741 1842 inde
759 1760 911 1846 provenit
936 1758 1243 1846 decertareparati,

280 1868 500 1938 «doctrinam
510 1893 601 1938 suam
613 1870 810 1939 adveritatis
820 1873 926 1940 lucem
937 1869 1239 1960 repurgantesttl.»
1317 1903 1319 1908 ¹

320 2407 432 2493 Neque
458 2424 538 2478 vero
564 2405 596 2470 in
619 2405 682 2472 hoc
704 2428 770 2474 uno
792 2409 941 2475 Socrates
967 2408 1246 2495 Hippocratesque

278 2514 357 2581 mire
374 2515 593 2583 consentiunt.
614 2517 748 2604 Utrique
765 2515 850 2585 idem
870 2517 1005 2585 devera
1022 2518 1168 2584 scientiae
1183 2539 1247 2587 na-

278 2633 352 2693 tura
368 2627 514 2707 animus,
537 2648 629 2715 quae,
648 2629 674 2694 si
692 2628 791 2696 urbes
810 2638 843 2696 et
859 2626 974 2697 domos
991 2627 1164 2710 deserens,
1183 2627 1245 2696 hac

279 2747 313 2804 et
334 2738 404 2804 illac
421 2737 605 2805 errabunda
622 2739 801 2826 spatietur,
830 2740 961 2806 omnino
980 2747 1030 2806 est
1049 2737 1241 2828 abjicienda.

280 2853 398 2918 Censet
414 2851 500 2918 enim
511 2852 725 2940 Hippocrates
738 2853 845 2921 omnia
856 2853 1001 2920 coelestia
1016 2852 1247 2920 subterranea-

279 2985 345 3066 que
357 2966 471 3052 procul
486 2967 504 3031 a
522 2974 634 3033 nostra
654 2966 839 3054 cognitione
855 2953 979 3032 abesse.
997 2966 1111 3054 ltaque
1129 2965 1155 3031 si
1172 2966 1246 3053 quis

281 3075 323 3144 de
338 3077 436 3145 rebus
453 3086 509 3146 aut
524 3077 607 3146 inira
620 3087 676 3147 aut
692 3102 793 3170 supra
805 3079 966 3168 sepositis
980 3078 1132 3160 disserat,
1147 3087 1246 3167 atquc

280 3211 391 3258 earum
407 3200 554 3258 naturam
573 3213 608 3258 se
625 3215 721 3260 nosse
731 3192 936 3281 profiteatur,
951 3214 989 3260 ea
1003 3212 1081 3259 vcra
1096 3191 1172 3270 sint,
1184 3210 1245 3255 nec

281 3323 341 3382 ne,
372 3323 478 3391 neque
504 3301 698 3386 disserenti,
728 3327 836 3395 neque
862 3303 1006 3373 audienti
1041 3304 1119 3372 satis
1149 3303 1246 3371 luerit

282 3416 501 3484 manifestum.
530 3418 659 3508 Quippe
685 3419 804 3486 nullam
834 3419 978 3505 reperire
1003 3427 1053 3486 est
1075 3417 1244 3507 judicandi

279 3549 425 3596 normam
442 3528 495 3620 (2).

326 3647 451 3709 llrcana
462 3641 560 3730 igitur
576 3645 707 3711 Naturae
715 3649 914 3733 perscrutari
929 3672 1035 3739 neque
1048 3649 1243 3737 sapientem,

315 3878 351 3940 (t)
371 3878 407 3924 De
425 3878 517 3928 decenti
534 3880 633 3940 latita«,
653 3887 711 3930 sect.
733 3896 757 3940 r,
780 3895 804 3944 p.
819 3887 860 3932 22.

315 3965 349 4027 (2)
370 3965 405 4011 De
424 3967 507 4028 priora
524 3969 656 4027 medicina,
677 3975 734 4018 sect.
753 3983 776 4027 r,
798 3983 822 4032 p.
840 3973 863 4019 8.
