2906 4658
581 375 757 444 *392

186 528 288 595 alatur
316 537 348 596 et
374 541 541 618 augescat,
560 547 576 603 t
592 542 638 598 διὰ
652 553 701 606 τῆς
714 544 864 612 ἀναπνοῆς,
881 527 1010 609 aureati
1023 547 1090 604 κατὰ
1104 551 1150 608 τὴν

184 657 280 722 τροφῆς
300 652 449 726 προσφοράν
468 649 589 723 nuptos,
607 643 767 710 curiosius
787 647 920 714 excutit.
947 645 1037 715 ldem
1054 639 1150 716 etiam

186 739 248 818 alio
269 751 350 818 libro
366 750 408 841 (t)
430 753 580 840 spiritum
606 775 678 821 esso
704 756 900 844 principium
920 779 938 825 a
958 781 1022 847 quo
1036 781 1153 828 move-

186 885 315 946 remur,
338 875 371 932 et
396 867 490 953 quasi
516 870 639 934 fontem
667 867 756 935 unde
780 889 877 938 omne
902 873 1002 940 robur
1026 873 1153 941 deliba-

187 1002 312 1062 remus,
331 983 428 1069 plane
446 981 661 1052 demonstrat.
680 983 974 1071 Neonorepicurei
1002 996 1035 1053 et
1061 987 1152 1054 stoici

187 1093 932 1184 spiritusimmemores,quumaliiquidemeum
942 1094 1153 1184 proquodam

189 1208 286 1274 animi
303 1217 416 1296 parte,
437 1209 489 1274 alii
506 1217 615 1275 autem
635 1230 695 1295 pro
711 1209 781 1296 ipso
798 1209 952 1276 universo
968 1209 1075 1276 animo
1091 1209 1156 1275 ha-

190 1320 331 1387 buerint.

234 1435 353 1499 Omnes
370 1433 437 1498 fere
456 1432 662 1520 philosophi,
682 1434 735 1500 vel
751 1432 900 1522 physici,
920 1433 972 1498 vel
986 1432 1153 1511 socratici,

191 1545 407 1632 spiritumque
424 1543 631 1631 animumque
641 1544 673 1609 in
691 1542 790 1611 corde
804 1545 979 1624 inclusum,
997 1566 1037 1611 ex
1052 1533 1157 1635 eoque

192 1655 557 1742 perimam-:corporis
590 1655 707 1722 molem
744 1652 942 1743 irrepentem
972 1654 1154 1724 credidere.

194 1766 305 1835 Credit
333 1775 366 1834 et
395 1768 609 1855 Hippocrates
636 1788 883 1854 nonnunquam.
916 1769 1000 1835 hlias
1030 1777 1155 1849 autem,

194 1892 292 1970 atque
310 1881 407 1948 etiam
422 1881 524 1948 fusius
537 1930 545 1959 ,
559 1881 644 1946 intra
660 1881 830 1948 cerebrum
844 1901 919 1947 eum
936 1881 1049 1968 agitari
1066 1901 1161 1948 com-

195 1993 339 2080 probat,
358 1991 487 2058 veritati
518 1988 671 2078 quidem,
703 1991 823 2058 nemini
854 2012 933 2058 vcro
965 1989 1053 2078 apud
1084 2014 1161 2059 suos

195 2104 413 2174 consentiens.
444 2101 663 2192 Pythagoreos
688 2103 790 2181 enim,
817 2104 996 2182 Platonem,
1024 2110 1057 2169 et
1088 2104 1161 2191 qui-

199 2237 338 2305 cumque
356 2215 427 2318 ejus
442 2217 578 2304 vestigia
590 2217 754 2303 persecuti
771 2224 865 2295 sunt,
884 2237 949 2282 non
966 2217 1026 2283 toti
1040 2218 1158 2296 animo,

196 2329 255 2397 sed
272 2329 373 2396 menti
386 2330 442 2397 uni
462 2337 578 2416 caput,
595 2337 751 2418 tanquam
773 2350 900 2410 arcem,
922 2328 1011 2398 unde
1034 2331 1164 2419 princi-

197 2450 309 2528 patum
326 2441 504 2532 obtineret,
524 2442 737 2529 assignavisse
754 2439 957 2529 compertum
971 2451 1032 2510 est.
1065 2435 1067 2438 ’

242 2559 348 2637 Quum
364 2556 577 2643 Hippocrates
592 2556 746 2634 animum,
765 2563 802 2622 ut
811 2563 1014 2642 temperatur
1028 2578 1159 2644 corpus,

180 2745 183 2749 .
199 2667 245 2733 sic
254 2676 287 2734 et
296 2667 402 2754 ipsum
411 2667 603 2752 temperari,
621 2675 658 2733 ut
675 2674 842 2733 mutantur
851 2667 932 2745 loci,
951 2667 997 2734 sic
1012 2676 1046 2734 et
1057 2668 1162 2756 ipsum

199 2780 316 2847 mutari
329 2778 470 2860 disserit,
489 2777 601 2844 statim
608 2777 705 2844 etiam
717 2778 839 2845 invitus
853 2778 1021 2846 Heraclitis
1032 2782 1163 2846 Graecos

200 2889 273 2958 ideo
293 2890 538 2978 prestantiores
554 2886 643 2977 quod
660 2889 784 2959 Graecia
808 2889 922 2955 siccior
941 2899 1027 2956 esset
1043 2890 1165 2978 praedi-

200 3004 303 3070 cantis
319 3002 461 3068 memini.
478 3003 584 3082 Quum
603 3002 743 3068 animum
764 3023 802 3068 ex
816 2999 962 3089 corporis
978 3002 1090 3069 habitu
1114 3001 1164 3068 di-

200 3114 310 3204 gnosci
330 3135 425 3201 posse
440 3111 606 3199 disputat,
625 3113 734 3178 statim
754 3111 933 3178 Aristotelis
950 3132 1023 3178 eum
1047 3111 1103 3198 qui
1118 3113 1165 3178 De

200 3230 479 3312 physioqaomonio·
492 3223 746 3291 titulum-hahet
770 3223 886 3289 librum
912 3223 1084 3289 scribentis
1108 3243 1168 3290 re-

202 3338 331 3406 cordor.
359 3341 465 3418 Quum
492 3337 633 3404 animum
649 3336 701 3402 vel
717 3356 777 3421 per
794 3355 943 3401 somnum
961 3334 1167 3422 vigilantem,

204 3452 377 3538 multaque·
387 3458 442 3516 aut
457 3448 528 3515 sine
543 3447 691 3514 sensibus
703 3445 916 3525 sentientem,
927 3427 992 3511 ⁸aut
1005 3445 1075 3512 sine
1093 3466 1172 3512 cor·
1202 3469 1204 3476 '

204 3583 283 3656 pore
313 3569 461 3649 agentern
486 3558 652 3637 ostendit,
680 3557 789 3624 statim
820 3555 982 3650 succurrit
1010 3554 1169 3644 quidquid

206 3673 292 3742 idem
310 3658 498 3740 Aristoteles
516 3673 559 3738 De
574 3675 731 3737 insomniis
746 3668 997 3737 elucubraverit.

240 3950 274 4011 (t)
296 3949 330 3998 Dc
341 3949 444 3996 animati
455 3945 560 3994 motione
571 3981 578 4003 ,
590 3957 644 4006 cup.
657 3959 680 3995 ι.
769 3993 774 3998 ,
